4034 6334
70 359 98 419 ιι
560 349 747 416 sosounto
764 347 798 410 ιιι
815 347 945 410 tnnuu
958 345 1005 408 ns
1024 344 1241 408 menaeus
1685 347 1721 412 se

74 473 102 530 de
111 469 295 544 penitentia,
311 469 350 530 do
364 468 474 528 nemim
484 467 608 538 Christo,
618 468 654 526 de
674 469 731 526 Deo
751 467 859 524 Christo
867 508 877 537 ,
887 465 922 524 de
941 466 1157 534 resurrectione,
1166 464 1202 522 de
1224 462 1300 522 nnec
1319 469 1348 520 et
1364 461 1462 521 Vetere
1483 461 1675 532 Testamcnto,
1697 473 1726 519 et

79 566 152 626 nnnla
167 565 307 634 omnino,
324 565 452 638 quibuu
466 564 578 622 veritate
589 561 750 620 dbscndunt
761 579 768 615 ι
779 575 840 633 qnae
859 561 940 618 etlam
953 559 1121 632 baptismum
1133 559 1269 628 babeant,
1282 572 1377 630 quave
1393 571 1449 616 non
1469 557 1602 625 mnenon
1614 566 1643 614 et
1662 566 1726 628 post

81 673 135 733 qaas
146 657 288 729 baptizet,
305 672 359 715 nec
372 665 461 712 umen
474 653 622 725 rebaptizet
633 653 771 724 Ecclesia,
784 651 900 724 qualiter
911 651 1041 723 suscipiat
1051 651 1209 722 immutes,
1221 649 1323 722 etquid
1336 649 1449 724 nnssubs
1463 651 1522 722 lcqe
1533 691 1541 718 ,
1554 650 1726 718 auctoritato,

84 765 150 826 atquc
160 751 274 808 ratlane
286 750 470 822 respondeat,
482 746 599 821 digneris
610 760 758 817 exponere.

114 846 138 901 i.
156 843 214 900 bec
223 858 273 900 me
287 851 372 898 tantae
382 838 523 898 Beatitudo
540 849 585 895 tun
607 837 698 896 credat
711 836 817 908 ineptiae
828 875 836 906 ‚
849 845 880 893 nt
891 849 946 892 non
958 833 1100 907 inspiciam
1118 835 1225 906 quantis
1238 844 1267 892 et
1282 849 1363 908 qnam
1378 835 1531 908 ingentibus
1548 833 1730 892 roiamInibos

90 951 144 1012 opus
154 937 205 1005 sit,
218 944 251 992 ut
264 935 372 1007 possint
384 935 434 992 ista
444 931 564 989 dissolri.
578 930 679 988 Verum
692 928 744 986 boc
757 944 808 1002 eqo
822 927 946 986 derlmon
965 937 1081 1000 erpeto;
1095 926 1123 984 ld
1138 930 1211 986 enlm
1223 927 1407 1000 multipliciter
1418 928 1517 986 netum
1530 943 1662 986 essenon
1674 926 1728 984 du·

90 1031 135 1086 bito
148 1048 155 1086 :
170 1027 221 1084 sed
234 1027 374 1092 breviter,
385 1025 528 1098 perstricte
546 1033 625 1096 atque
634 1022 805 1090 summatim,
820 1031 849 1078 et
862 1019 1002 1092 opiniones
1013 1035 1080 1093 mqo
1090 1020 1357 1092 cuiuslibetbaeresis
1370 1023 1469 1094 erponi
1479 1063 1489 1092 ,
1501 1031 1530 1080 et
1549 1021 1614 1096 quid
1633 1028 1730 1079 contra

91 1131 170 1180 lenem
180 1119 306 1177 Ecclesia
316 1117 467 1186 catholiea,
480 1124 609 1189 quantum
622 1114 790 1172 instructioni
799 1114 865 1171 satis
881 1121 940 1183 est,
954 1113 1033 1171 subdi
1048 1129 1055 1166 :
1071 1121 1101 1170 ιιι
1111 1114 1186 1170 reiut
1197 1113 1314 1185 quodam
1324 1129 1358 1171 ex
1372 1114 1498 1174 munibus
1511 1123 1642 1187 consepto
1656 1129 1731 1172 com-

91 1213 244 1280 monitorio,
255 1211 279 1266 si
293 1210 354 1282 quis
365 1209 483 1280 aliquam
495 1207 671 1279 objectionem
683 1215 730 1263 aut
741 1203 938 1262 convictionem
952 1205 1072 1272 uberim,
1088 1205 1194 1276 plurius
1213 1219 1246 1262 ac
1258 1205 1364 1277 planius
1374 1220 1457 1263 nosse
1467 1207 1601 1276 potnerit,
1616 1207 1651 1264 ad
1663 1221 1732 1278 opu·

90 1303 152 1360 bota
164 1310 192 1358 et
215 1300 359 1372 magnilica
382 1299 516 1354 volumina
539 1297 751 1361 transmittatur,
766 1295 863 1368 quibus
875 1311 891 1352 a
903 1296 1031 1363 diversis,
1047 1305 1075 1352 et
1095 1297 1229 1368 praecipue
1248 1298 1454 1355 aveneratione
1471 1306 1515 1355 tua
1528 1299 1555 1355 in
1568 1298 1620 1356 boc
1641 1300 1732 1371 ipsum

92 1403 188 1453 onustat
200 1395 381 1450 elaboratum.
398 1391 517 1448 Sulilciet
528 1401 618 1447 autem
630 1389 779 1446 admonitio
791 1389 873 1458 talis,
887 1397 916 1444 ut
934 1397 1016 1460 puto,
1037 1387 1125 1446 doctis
1138 1398 1166 1446 et
1181 1389 1328 1462 ImperitIs,
1342 1391 1437 1447 ouosis
1449 1399 1480 1448 et
1490 1391 1643 1463 occupatis,
1658 1401 1685 1449 et
1697 1391 1733 1449 ad

94 1489 228 1561 cuiuslibet
239 1486 338 1559 gradus
352 1485 529 1541 ministerium
543 1483 670 1540 Ecclesia
684 1483 870 1554 undecumque
882 1483 1013 1553 promotis
1025 1499 1034 1549 ;
1048 1481 1152 1539 dumet
1172 1482 1217 1538 ille
1229 1482 1278 1554 qui
1299 1483 1382 1540 multa
1403 1483 1482 1558 lesit,
1501 1484 1596 1542 cadem
1616 1484 1734 1543 omnine

93 1580 251 1646 recordatur,
267 1588 295 1635 et
312 1577 473 1648 compendio
487 1576 595 1648 ignarus
615 1575 770 1643 instruitur,
785 1584 815 1630 ut
836 1574 941 1631 noverit
952 1573 1016 1646 quid
1031 1582 1139 1644 teneat,
1154 1573 1220 1646 quid
1238 1575 1335 1644 eritet;
1350 1577 1414 1648 qnid
1436 1585 1575 1634 aversetur
1585 1591 1621 1634 ue
1633 1576 1732 1648 facim,

93 1673 154 1744 quid
174 1681 202 1727 ut
215 1671 297 1727 iaciat
305 1679 472 1741 assequatur.
489 1668 621 1726 Fortassis
638 1678 736 1734 autem,
751 1667 775 1724 si
789 1677 878 1724 tamen
890 1668 961 1740 quud
973 1667 1089 1724 arbitror
1099 1683 1192 1726 terum
1201 1678 1258 1738 est,
1268 1671 1351 1728 etism
1369 1669 1499 1730 adversus
1512 1671 1734 1732 calumniantium

94 1765 217 1834 malignas
239 1771 343 1818 mentes
358 1771 386 1817 et
400 1760 492 1817 dolosa
504 1760 573 1816 labia
589 1775 656 1831 opus
670 1759 720 1816 boc
733 1774 843 1830 parvum
855 1759 925 1817 inter
933 1770 1031 1817 cetera
1045 1759 1156 1818 miridca
1169 1763 1323 1820 testimonio
1346 1779 1456 1822 corona
1476 1775 1529 1822 tuae
1550 1781 1604 1822 non
1623 1765 1710 1823 deerit
1726 1783 1736 1828 z

96 1855 228 1925 utqnibns
243 1861 437 1925 patetcampus
449 1850 628 1908 calumniandi
643 1849 899 1921 prolusior,raiidis
913 1859 942 1908 et
964 1867 999 1909 cx
1019 1853 1093 1908 enm
1113 1863 1190 1925 perte
1210 1853 1346 1912 conclusis
1366 1855 1427 1914 lidei
1447 1855 1575 1914 litnitibus
1587 1857 1734 1928 coarctati,

97 1948 269 2018 omnibusque
283 1944 404 2000 veritatis
419 1941 532 2000 telorum
543 1943 687 2015 generibus
697 1942 870 2012 circumacti,
885 1945 967 2002 etiam
979 1959 1034 2004 uno
1047 1944 1205 2004 multilormi
1211 1946 1302 2020 iaculo
1314 1957 1425 2022 repente
1435 1951 1573 2024 prostrati,
1579 1951 1736 2010 mordcinoa

96 2043 195 2113 splrltus
210 2055 265 2095 non
280 2037 397 2094 audeant
407 2035 544 2093 anhelare.
1724 2042 1727 2048 ·

127 2135 151 2190 i.
172 2131 257 2187 video
271 2143 351 2201 quam
373 2141 504 2185 onerosus
522 2127 634 2184 existam
646 2127 757 2185 meliora
772 2126 898 2202 cogitanti
909 2168 918 2198 ,
929 2136 958 2186 et
968 2128 1121 2203 disponenti
1131 2131 1235 2204 mmm
1248 2141 1344 2191 sancto
1352 2133 1428 2203 seui,
1442 2143 1471 2192 et
1479 2135 1603 2208 querelas
1614 2135 1737 2208 corporis

96 2228 241 2285 sustinenti.
253 2227 306 2285 Sed
317 2241 365 2300 per
378 2225 514 2283 Christum
526 2223 667 2281 bominum
680 2239 762 2296 roqo,
782 2225 829 2296 qui
843 2232 872 2282 te
884 2225 1044 2298 participem
1060 2227 1198 2299 sapientise
1210 2241 1267 2284 suae
1279 2227 1339 2286 sine
1351 2228 1450 2286 luridis
1463 2243 1526 2287 esse
1539 2230 1693 2299 mncmsit,
1707 2237 1739 2288 ut

96 2321 159 2378 lune
171 2320 285 2392 qratiam
295 2319 381 2376 dones
394 2318 508 2375 indoctis
519 2315 656 2386 Ecclesia,
670 2317 716 2390 qui
731 2326 758 2374 te
772 2317 896 2392 agnoscis
907 2318 1072 2390 sapientibus
1085 2328 1166 2392 atque
1181 2320 1369 2394 insipientibus
1379 2321 1529 2379 debitorem
1539 2322 1629 2396 (Enna.
1644 2340 1664 2392 r,
1678 2321 1737 2396 ll),

97 2415 184 2470 metito
196 2428 230 2470 ac
241 2413 302 2486 jure
313 2412 433 2470 dicturus
446 2428 453 2466 :
470 2409 558 2466 Videte
566 2412 687 2482 quonlam
699 2425 751 2465 non
765 2409 827 2464 milti
836 2410 885 2465 soli
898 2409 1023 2479 ιιιιοιιιιιι,
1034 2411 1080 2468 aed
1092 2412 1401 2471 omniiaamuirentiiaa
1413 2414 1543 2472 mntem
1553 2413 1649 2487 (Eccli.
1657 2429 1738 2482 xxm.

96 2506 140 2572 tl,
152 2513 175 2560 ct
184 2519 283 2570 assur,
300 2501 359 2575 li).
381 2501 459 2557 I‘otui
473 2499 561 2557 adbuc
574 2499 672 2559 oilerre
684 2499 820 2571 supplices
834 2507 863 2558 et
873 2499 1034 2572 multiplices
1045 2516 1150 2574 preces,
1165 2510 1194 2562 et
1203 2517 1309 2564 mentm
1322 2503 1506 2578 imperitorum
1524 2505 1626 2564 classes
1651 2503 1739 2564 adsm-

97 2613 165 2657 scere
178 2615 186 2656 ε
201 2595 252 2655 sed
264 2597 350 2655 malui
359 2595 417 2670 iam
426 2595 519 2656 audire
531 2595 694 2667 dictantem,
705 2607 786 2666 qnam
796 2607 929 2665 occupare
940 2593 1084 2666 legentem.

724 2725 920 2794 EPISTOLA
943 2726 1101 2794 ccxxtt.

392 2871 572 2934 Dilectissimo
585 2871 642 2932 illio
655 2881 683 2931 et
693 2871 859 2930 condiacono
872 2873 1089 2944 Quoututrneo,
1100 2875 1274 2936 decumanus
1286 2877 1439 2952 episcopas.

128 3017 155 3071 i.
172 3015 300 3088 beceqstis
310 3013 409 3071 littoris
420 3013 564 3071 charitatis
577 3020 648 3079 tuae,
661 3011 707 3069 ubi
719 3027 734 3068 a
748 3027 793 3070 me
805 3011 995 3070 ardentissimo
1006 3012 1096 3070 studio
1107 3013 1269 3086 postulasti,
1281 3023 1312 3072 ut
1324 3015 1360 3074 dc
1371 3016 1497 3076 omnibus
1508 3015 1667 3087 weitos,
1677 3033 1741 3092 quer

97 3117 152 3180 past
164 3107 271 3164 ιιιιπιιιιι
284 3106 433 3164 salvatoris
455 3105 597 3164 aduentum
611 3104 741 3162 aduersus
764 3107 824 3176 eius
848 3105 996 3162 doctrinam
1013 3106 1226 3178 pullulaverunt,
1241 3105 1340 3180 aliquid
1355 3108 1473 3168 breviter
1484 3111 1647 3180 scriberem
1658 3126 1741 3184 quam

96 3201 128 3256 sit
145 3199 197 3257 boc
216 3199 338 3265 difficile.
351 3197 480 3255 continuo
488 3206 593 3270 reperta
605 3197 745 3254 occasione
759 3195 883 3269 rescripsi
898 3211 946 3268 per
961 3196 1045 3254 illium
1058 3211 1148 3255 meum
1160 3197 1371 3270 ilipponensium
1382 3201 1537 3272 primarium
1551 3201 1715 3260 Pbdocslum
1728 3217 1740 3259 a

96 3309 153 3350 mox
163 3304 256 3350 autent
270 3293 353 3349 etlam
365 3293 415 3348 isla
428 3291 517 3348 obluta
532 3299 583 3354 est,
595 3305 647 3362 qua
660 3304 731 3346 nune
744 3289 880 3358 rescribo,
895 3296 925 3346 et
935 3287 1054 3347 brevitor
1066 3289 1250 3346 dilllcultatem
1262 3291 1350 3367 operis
1362 3293 1421 3363 ejus
1434 3292 1558 3350 oswndu.

129 3387 156 3442 2
175 3386 337 3445 Pbilastrius
349 3384 457 3458 quidam
470 3383 616 3440 Brixiensis
629 3383 787 3454 episcopus,
801 3397 881 3454 quem
893 3397 954 3438 cum
968 3392 1062 3442 sancto
1082 3383 1225 3440 Ambrosio
1242 3383 1384 3443 licdiolani
1407 3387 1488 3444 etiam
1503 3387 1562 3460 ipse
1574 3388 1646 3458 ridl,
1670 3387 1741 3446 seri·

96 3482 143 3553 psit
154 3482 219 3538 binc
229 3481 350 3547 librom3
366 3493 417 3536 nec
429 3477 489 3535 illas
501 3477 617 3534 irereses
630 3475 855 3548 pretermittens,
878 3491 939 3547 quae
950 3475 977 3532 in
992 3475 1092 3548 populo
1105 3475 1200 3533 ludeo
1210 3476 1317 3535 inerunt
1325 3489 1389 3536 ante
1397 3479 1543 3538 adventum
1555 3481 1672 3551 bomini,
1680 3496 1741 3540 cas·

96 3587 144 3642 que
155 3571 255 3644 vigum
275 3577 339 3628 octo
351 3567 571 3629 commemorarit
584 3584 592 3622 e
606 3575 635 3624 et
648 3575 708 3637 post
721 3565 827 3623 bomini
850 3565 997 3623 aduentum
1021 3574 1129 3624 centrtm
1142 3568 1237 3639 riqinti
1256 3577 1330 3627 octo.
1343 3569 1457 3642 Scripsit
1470 3573 1535 3630 bisne
1554 3575 1635 3632 etiam
1652 3588 1742 3646 pace

96 3663 233 3735 episcsrpus
246 3661 362 3736 Cyprius
374 3658 548 3731 Epipbanius‚
562 3658 589 3714 in
602 3657 723 3716 doctrina
733 3657 872 3714 catholicas
887 3656 951 3714 ildei
966 3657 1315 3719 laudabiliterdidamntus:
1325 3661 1374 3718 sed
1389 3663 1447 3734 ipse
1459 3665 1598 3736 utriusque
1608 3665 1740 3735 temporis

98 3753 209 3812 hereses
219 3754 361 3824 colligens,
373 3752 507 3824 octoginta
518 3751 673 3820 complexus
687 3758 737 3807 est.
752 3750 819 3806 Cum
834 3764 898 3820 erqo
911 3749 991 3807 ambo
1004 3749 1030 3805 id
1044 3750 1143 3806 vellent
1156 3750 1246 3808 iacere
1256 3751 1328 3824 qnod
1341 3767 1357 3808 a
1371 3768 1415 3808 me
1424 3754 1640 3826 pcnsqmnton
1649 3763 1741 3814 tamen

96 3849 198 3904 interae
211 3847 338 3905 differant
350 3845 385 3902 de
398 3860 510 3902 numero
524 3844 630 3900 interim
643 3853 793 3910 sectarum,
810 3842 885 3899 rides
898 3859 907 3898 :
924 3841 995 3913 quod
1008 3845 1099 3915 ntique
1120 3857 1174 3900 non
1188 3843 1336 3913 evenisset,
1352 3846 1403 3904 nisi
1414 3846 1486 3903 alind
1498 3846 1544 3904 uni
1554 3862 1648 3904 corum
1660 3849 1739 3907 tide·

98 3954 166 3998 retur
177 3957 238 3999 esse
251 3941 362 3998 haeresis
373 3980 381 4007 ,
392 3951 420 3997 et
432 3938 504 3995 aliud
514 3938 602 3994 alleri·
614 3937 708 4008 Neque
722 3937 793 3992 enlm
816 3935 965 4007 putandum
992 3945 1034 3993 est
1056 3935 1158 4008 aliquas
1172 3937 1311 4008 ignorasse
1334 3937 1530 4010 Epiphaniam,
1550 3953 1617 4012 quas
1629 3949 1742 3998 noverat

97 4033 261 4101 Philaenium
275 4049 337 4090 cum
351 4032 528 4103 Epipbnnium
544 4031 622 4102 ionqe
637 4028 780 4085 Pbllaistrio
809 4027 957 4084 doctiorem
971 4028 1167 4096 invenerimus;
1180 4028 1216 4085 ita
1230 4038 1260 4085 nt
1270 4029 1441 4086 Plrilastrium
1451 4031 1540 4101 petius
1554 4031 1644 4088 dicere
1655 4032 1740 4089 debe·

97 4139 182 4180 remus
191 4125 303 4180 munisse
315 4123 464 4194 plurimes,
480 4122 501 4178 si
518 4133 571 4177 tarn
592 4121 684 4190 plures
695 4127 768 4175 essct
779 4117 823 4175 ille
835 4118 1009 4190 complexus,
1024 4128 1052 4175 ct
1071 4119 1122 4175 iste
1135 4120 1284 4191 panciores.
1304 4121 1358 4178 Sed
1373 4123 1467 4192 procul
1484 4123 1566 4180 dnbio
1577 4124 1604 4180 in
1619 4139 1651 4180 ca
1663 4139 1739 4196 quae·

97 4218 179 4272 stione
193 4217 240 4272 ubi
252 4216 417 4285 disceptatur
426 4213 489 4284 quid
512 4213 548 4268 sit
566 4213 692 4278 baeresis,
708 4225 763 4266 non
784 4210 854 4266 idem
873 4209 1012 4265 ridebatur
1025 4209 1173 4278 ambobns3
1186 4219 1214 4266 ct
1227 4226 1320 4268 revera
1335 4211 1388 4268 boc
1409 4212 1520 4268 omnino
1531 4213 1646 4271 dellnirc
1661 4214 1735 4270 uitt-

96 4311 143 4365 cile
157 4319 199 4366 est
213 4327 221 4363 ε
237 4319 266 4366 ct
278 4309 341 4365 ideo
354 4306 516 4373 cauendum,
530 4319 590 4361 cum
601 4318 696 4364 omacs
708 4304 735 4358 in
750 4317 890 4359 numerum
905 4301 1026 4373 redigere
1039 4305 1184 4372 conamur,
1198 4317 1233 4360 ne
1245 4304 1481 4374 praetermittamus
1492 4305 1604 4377 aliquas,
1616 4307 1739 4377 quamtis

95 4399 210 4458 hereses
222 4402 297 4468 siut;
311 4408 358 4456 aut
370 4411 577 4456 annumeremus
586 4397 706 4467 aliquas,
721 4410 783 4451 cum
796 4394 914 4450 hareses
929 4409 981 4449 non
995 4393 1059 4449 sint.
1076 4393 1142 4450 Vide
1155 4408 1221 4465 erqo
1241 4410 1277 4451 ne
1299 4394 1368 4452 torte
1387 4396 1485 4452 librum
1497 4397 1583 4452 salicti
1596 4396 1741 4469 EpipbaniI

96 4491 140 4546 tibi
167 4491 276 4546 mittere
302 4489 415 4547 debeam
432 4488 540 4556 :ipsum
567 4487 639 4541 enim
665 4484 780 4540 arbitror
794 4483 937 4540 Philastrio
959 4483 1064 4541 doctius
1087 4485 1151 4541 binc
1174 4484 1311 4554 locutum;
1326 4487 1372 4558 qui
1396 4489 1481 4558 pomit
1501 4488 1572 4560 apud
1599 4489 1740 4561 Cartbagi-

6 4635 7 4646 ἶ
95 4597 155 4639 nem
182 4583 210 4640 in
236 4583 347 4638 buram
374 4581 492 4652 ilnquam
513 4578 583 4637 uerti
602 4577 707 4634 facilius
734 4585 814 4648 atque
839 4576 1028 4645 commodius,
1052 4584 1082 4633 ut
1105 4586 1134 4633 tu
1157 4577 1483 4650 potiuspraestcsnobis,
1507 4579 1581 4654 quod
1601 4581 1700 4653 quaeris
1722 4595 1740 4636 a

96 4677 184 4732 nobis.
553 4728 557 4738 .

129 4769 158 4824 3.
172 4766 339 4824 Perlatorem
353 4765 466 4822 multum
480 4761 648 4821 commendo.
660 4759 844 4818 Subdiaeonus
856 4767 899 4816 est
911 4758 945 4816 de
957 4768 1049 4816 nostra
1059 4758 1184 4828 dioeoesi3
1198 4757 1233 4817 de
1247 4758 1330 4817 iundo
1339 4770 1428 4818 autenr
1437 4762 1488 4818 riri
1498 4762 1668 4834 spectabilis,
1681 4777 1733 4817 no·

96 4859 193 4932 bisque
202 4859 355 4917 charissimi
365 4857 481 4916 orontii·
493 4856 546 4913 Pro
555 4857 713 4921 illoautem,
726 4862 754 4910 et
768 4868 817 4925 pro
829 4851 887 4924 ejus
898 4863 986 4924 patre,
998 4867 1077 4924 aquo
1089 4852 1231 4923 adoptatus
1245 4861 1303 4920 est,
1315 4853 1394 4909 etium
1408 4852 1442 4909 nd
1453 4853 1541 4926 ipsum
1551 4854 1662 4924 scripsi;
1673 4867 1740 4923 quas
1754 4908 1760 4924 ,
1778 4865 1785 4888 ’

94 4953 198 5010 litteras
211 4967 274 5010 cum
286 4952 380 5024 legerit
394 4950 538 5007 christiana
552 4947 706 5020 benignitas
720 4955 780 5013 tua,
795 4955 858 5017 peto
870 4953 900 5000 ιιι
913 4959 960 5000 eas
978 4944 1050 5016 apud
1063 4953 1239 5002 memoratum
1254 4944 1340 5002 sirum
1354 4955 1398 5000 tna
1410 4945 1603 5002 intercessione
1613 4944 1740 5015 adjuvare
1774 4967 1780 4977 ι

94 5045 224 5118 quueris.
235 5045 297 5101 itini
310 5027 400 5100 autem
411 5056 472 5098 cnm
484 5042 530 5098 illo
543 5040 623 5098 etiam
637 5039 773 5095 bominem
786 5035 926 5104 Ecclesiae,
941 5050 977 5092 ne
988 5035 1022 5092 ad
1037 5044 1108 5092 tuam
1130 5035 1305 5093 sanctitatem
1319 5035 1434 5093 dificilis
1457 5037 1482 5093 el
1502 5045 1574 5093 essct
1590 5050 1738 5093 accessus:
1770 5063 1776 5086 ·.

92 5141 234 5199 nonenim
246 5155 338 5212 parum
352 5137 388 5195 dc
400 5137 447 5194 illo
460 5136 591 5193 sollicitus
604 5149 663 5192 sum
674 5174 682 5202 ,
695 5149 710 5188 a
723 5147 775 5204 qua
786 5145 830 5188 mc
842 5127 1021 5186 sollicitudine
1033 5129 1180 5199 uentum,
1193 5137 1224 5185 ut
1233 5144 1330 5202 spero,
1343 5145 1392 5202 per
1404 5137 1457 5185 tnnc
1481 5127 1618 5186 charitatis
1635 5127 1740 5186 innan·

6 5279 7 5304 2
91 5236 154 5292 ιιιιιι
169 5235 306 5293 liberabit.
319 5234 386 5292 Peto
396 5232 477 5290 etiam
491 5231 556 5288 mibi
568 5229 716 5288 rescribere
732 5225 931 5300 nonqraveris.
950 5226 1175 5299 quenadmodum
1193 5228 1230 5285 sit
1249 5229 1276 5285 ιιι
1288 5229 1341 5286 tide
1353 5229 1483 5292 catbqlica
1495 5227 1540 5284 illc
1552 5225 1734 5288 Theodosius„

6 5347 7 5422 p
93 5344 235 5401 perquem
247 5327 386 5385 ilardensi
401 5325 521 5382 nonnulli
535 5331 597 5380 sunt
607 5321 721 5396 proditi;
731 5329 759 5377 et
773 5320 823 5393 ipsi
838 5333 905 5391 quos
916 5317 951 5374 ab
963 5333 997 5375 co
1008 5319 1145 5390 proditos,
1161 5329 1284 5392 putamus
1295 5337 1356 5380 esse
1373 5328 1519 5380 correctos·
1533 5318 1563 5382 Si
1576 5319 1640 5393 quid
1656 5321 1738 5378 etlam

93 5418 126 5478 tle
138 5420 309 5495 prolectimc
322 5427 478 5476 sanctornm
487 5415 673 5491 cpiscoporum
683 5411 752 5471 iorte
765 5409 906 5480 audivisti,
918 5409 960 5468 Iac
969 5417 999 5466 ut
1008 5411 1139 5470 noverim.
1149 5412 1205 5472 ileo
1214 5415 1299 5471 vivas.

726 5545 921 5614 EPISTOLA
942 5543 1112 5610 CCXXIII.

132 5705 251 5763 lietuino
269 5703 371 5762 merito
398 5697 559 5768 venerabili,
579 5694 784 5756 scientissimo
803 5709 881 5752 sacro
899 5693 968 5766 patri
987 5695 1139 5752 bucosrtuo
1156 5695 1301 5766 episcopo,
1320 5694 1537 5766 Quonvonrosos
1554 5697 1693 5760 diaconos.

128 5841 159 5902 t.
180 5838 398 5918 coinquinent
411 5833 577 5895 ilererentie
591 5839 643 5893 tusc
656 5829 907 5901 commonitorium,
922 5827 994 5902 quod
1007 5843 1056 5903 per
1068 5827 1278 5896 ecclcsiasdcum
1289 5829 1412 5908 diqmtus
1423 5848 1453 5897 es
1466 5832 1611 5908 lemnae,
1619 5829 1742 5908 ιιιειῳί.
