4034 6334
233 382 288 442 m
526 374 664 436 contra
682 363 884 429 bulsinus
897 354 1099 421 leANDRUil
1112 357 1317 431 bruscorum,
1336 360 1365 420 S.
1384 358 1571 421 abuuerint
1616 348 1619 353 ’
1818 364 1872 425 ιω

235 510 331 553 omnes
344 509 397 552 non
419 503 474 553 tres
492 494 615 553 dominos
632 491 709 557 deos,
723 485 771 547 sed
786 500 868 543 unum
882 480 1025 539 Dominum
1080 483 1157 535 trem.
1171 480 1297 548 Quamuis
1312 480 1338 537 in
1352 482 1405 539 boc
1418 482 1565 557 apostolico
1576 484 1727 542 testimonio
1740 485 1813 557 quod
1822 487 1874 546 ad·

234 587 321 644 Deum
332 588 402 645 dico.
415 586 479 644 limo
491 593 533 643 est
548 576 615 643 lidus
629 589 730 649 nostra,
750 578 874 651 quoniam
888 573 1028 632 baselides
1079 568 1198 639 lribuisti,
1213 571 1284 629 Deus
1298 573 1403 631 dicatur
1421 575 1510 645 Pater,
1526 574 1655 635 Dominus
1666 578 1763 645 Filius,
1778 577 1806 635 id
1820 589 1871 651 est,

235 689 372 749 astructa,
385 694 444 751 que
464 678 529 735 tides
543 676 623 733 etiam
644 672 774 731 catholica
788 677 966 741 nuncupatur.
986 665 1028 723 Tu
1082 660 1154 719 Unus
1166 662 1236 720 Deus
1254 664 1343 735 Pater,
1356 682 1447 737 ecquo
1459 668 1562 735 omnim·
1577 679 1600 725 et
1612 686 1678 725 unus
1691 669 1814 729 Dominus
1826 671 1876 727 le·

235 778 324 827 autem
338 770 384 841 qui
398 769 461 826 buic
478 768 540 825 fidei
560 765 731 833 contradicis,
751 777 843 835 queso
863 771 899 825 te,
922 772 1029 831 expone
1079 769 1124 809 rur
1135 753 1259 826 cbristus,
1271 774 1317 827 per
1328 752 1505 830 quemorunio.
1518 758 1822 821 Sedilludutiendsubi
1833 764 1878 821 di·

234 863 324 929 nobis,
343 862 422 918 etiam
441 860 519 918 lesus
537 860 659 917 cbristus
677 856 811 930 quomodo
831 857 867 913 sit
888 854 1027 921 Dominus,
1081 854 1153 904 ctum
1166 856 1217 906 esi.
1238 846 1261 905 0
1280 850 1389 908 altitudo
1408 852 1553 909 diuitiarum
1573 855 1704 926 supiuuire
1722 865 1747 911 et
1764 856 1879 914 menum

235 953 282 1025 qui
296 967 349 1008 uon
362 950 509 1018 Trinitatis,
524 951 573 1008 sed
587 951 670 1008 soiius
690 950 777 1007 Patris
795 962 856 1005 esse
871 947 969 1005 asseris
980 960 1030 1002 vo·
1081 935 1149 994 Del!
1161 939 1227 995 Nam
1240 940 1297 998 Sili
1317 940 1396 999 Pallii·
1408 945 1443 999 Sil
1463 944 1524 1012 5⁸²0,
1538 945 1596 1002 Sile
1615 944 1710 1011 Filius,
1726 962 1758 1003 00
1775 948 1841 1020 ιἰιω,
1851 957 1879 1004 et

235 1058 306 1112 cem,
325 1040 382 1115 Epo
401 1058 457 1098 num
480 1042 616 1108 Dominus,
637 1050 663 1098 ει
679 1057 731 1096 non
742 1049 780 1097 ert
795 1039 863 1095 aliur
874 1045 965 1111 muter
976 1053 1027 1093 me.
1083 1045 1128 1101 uer
1146 1030 1240 1102 iprum,
1260 1041 1284 1087 et
1304 1032 1399 1105 inipso
1412 1044 1472 1091 auur
1491 1036 1585 1091 onmia.
1598 1036 1738 1109 Quomodo
1758 1052 1822 1113 erqo
1842 1055 1880 1096 ex

233 1134 339 1206 Nempe
350 1135 482 1203 turbaris;
493 1149 590 1206 nempe
599 1133 663 1205 quid
672 1131 835 1204 respondeas
847 1146 901 1188 non
913 1129 1029 1197 incenis,
1082 1120 1162 1179 Patre
1173 1122 1274 1192 omnia,
1287 1138 1341 1181 non
1354 1139 1388 1182 er
1401 1126 1487 1194 nitio,
1501 1135 1528 1183 et
1541 1142 1590 1198 per
1601 1126 1699 1187 Filium
1710 1131 1809 1197 omnia,
1820 1146 1880 1188 non

203 1232 215 1286 52
234 1226 290 1282 nisi
303 1226 366 1297 quia
380 1235 479 1293 tacere,
490 1226 598 1298 quando
606 1226 784 1293 convinceris,
795 1238 849 1281 non
858 1221 908 1278 ris.
920 1220 1031 1278 Sienim
1082 1211 1271 1283 perisdem:
1291 1214 1505 1287 quandoquidem
1524 1216 1671 1289 quemlibet
1689 1234 1782 1278 eorum
1803 1223 1881 1293 lipo-

235 1332 292 1375 non
304 1318 375 1375 Deus
389 1316 515 1385 Trinitas,
526 1320 574 1375 sed
590 1318 670 1374 Pater
687 1325 788 1374 mutum
805 1315 881 1381 dixit,
900 1312 958 1385 Epo
975 1329 1033 1369 suan
1084 1305 1169 1362 000100
1180 1305 1294 1363 voluerii
1306 1308 1358 1366 ¹¹00
1377 1306 1439 1365 1000
1455 1309 1578 1383 inlellisi.
1595 1309 1638 1368 Ex
1656 1312 1713 1385 ιἰιιο
1725 1354 1733 1381 ,
1747 1312 1842 1386 inquit,
1854 1322 1883 1370 et

237 1407 375 1478 Dominus,
388 1416 412 1465 et
424 1426 476 1465 oon
487 1419 525 1465 ert
534 1409 601 1465 aliur
614 1417 705 1481 preter
715 1426 756 1463 me
768 1425 778 1463 .·
792 1406 884 1479 procul
895 1406 977 1463 dubio
989 1420 1033 1462 ne·
1084 1414 1130 1470 per
1140 1398 1234 1471 iprum,
1250 1408 1274 1455 ει
1288 1400 1315 1454 in
1332 1402 1388 1472 ipro
1396 1412 1456 1457 runt
1468 1403 1572 1459 omrriul
1587 1402 1617 1461 Si
1629 1418 1694 1475 ergo
1712 1404 1769 1463 sive
1779 1404 1815 1462 ds
1826 1405 1884 1462 Pa-

237 1500 310 1572 garit
322 1515 383 1558 esse
395 1502 537 1559 Dominum
548 1500 663 1568 Filium
678 1500 805 1571 quoniam
815 1499 840 1556 si
852 1498 980 1555 Dominus
990 1505 1033 1555 est
1085 1500 1127 1547 Dc
1139 1490 1197 1548 οἰ00
1217 1492 1252 1549 (ill
1273 1492 1294 1549 F
1295 1493 1359 1561 1¹10.
1381 1494 1522 1553 verissime
1535 1503 1625 1553 limen
1638 1494 1744 1564 dicimis
1758 1498 1830 1569 (1000
1848 1514 1886 1555 w

238 1600 269 1649 ea
286 1592 382 1661 sirius,
397 1592 466 1649 tarso
487 1592 588 1650 uictum
603 1602 655 1659 esc,
679 1590 741 1648 Non
764 1600 802 1647 eu
823 1588 890 1647 atur
908 1588 1034 1645 Domum
1085 1583 1141 1653 imo
1153 1591 1178 1636 et
1190 1598 1235 1652 rer
1254 1583 1350 1654 speum,
1363 1593 1387 1641 ιι
1403 1584 1432 1640 tn
1450 1585 1507 1658 inco
1525 1594 1585 1642 mur
1602 1587 1706 1653 omnia,-
1724 1587 1783 1646 sine
1799 1586 1887 1646 dubio

239 1691 331 1755 meter
342 1700 392 1740 nre.
405 1683 464 1741 Non
477 1685 549 1741 enim
568 1684 656 1756 agitur
673 1682 709 1739 de
722 1681 846 1751 Donum,
862 1681 957 1753 quales
972 1684 1035 1737 sunt
1085 1673 1173 1733 Patris
1184 1683 1213 1734 ει
1225 1675 1287 1732 Filii
1299 1676 1499 1735 demonstratur
1510 1678 1657 1750 aequalitas.
1674 1678 1702 1735 Si
1714 1689 1802 1736 autem
1815 1694 1888 1751 quo·

241 1773 364 1831 beminen
376 1774 476 1831 domini
491 1773 629 1831 hominum
642 1788 793 1840 servornm,
809 1787 876 1845 ques
890 1771 1035 1843 Apostolus
1087 1766 1160 1821 niam
1174 1781 1227 1824 non
1246 1767 1393 1825 nominarit
1412 1768 1519 1825 Putrem
1541 1780 1568 1825 er
1589 1768 1686 1826 Filium
1709 1777 1737 1825 et
1752 1770 1885 1844 Spiritum

240 1865 388 1921 wcundum
397 1880 506 1922 carnem
516 1866 639 1922 dominos
653 1880 714 1922 esse
727 1863 793 1921 dicit
802 1862 912 1936 (Epire.
922 1878 961 1932 m,
974 1862 993 1920 5
1005 1860 1034 1934 J:
1088 1868 1220 1927 sanctum,
1234 1856 1281 1915 sed
1292 1858 1376 1915 Deum
1387 1867 1416 1915 et
1428 1858 1580 1929 Dominum,
1596 1858 1667 1932 quod
1681 1868 1709 1917 ει
1721 1859 1778 1932 ipsa
1791 1858 1888 1917 Trini-

241 1956 291 2013 sed
305 1958 339 2014 de
352 1958 467 2015 Domino
478 1960 575 2031 agitur,
591 1959 634 2014 cui
650 1959 766 2014 servitus
780 1957 827 2014 illa
839 1956 960 2022 debetur,
977 1970 1037 2026 quse
1088 1958 1130 2005 tas
1141 1948 1193 2006 cici
1204 1958 1302 2021 potest,
1316 1950 1421 2023 singula
1436 1951 1532 2010 borum
1544 1953 1624 2009 trium
1636 1953 1730 2011 relerri
1743 1951 1779 2009 ad
1791 1956 1890 2025 sinqu-

241 2062 330 2119 qraece
348 2058 446 2121 ιαερεια
465 2049 573 2121 dicitur,
594 2049 742 2106 secundum
764 2063 843 2120 qnam
863 2048 963 2103 dictum
983 2053 1035 2115 est,
1089 2043 1131 2099 los
1148 2042 1250 2100 soluit:
1265 2060 1297 2099 eu
1322 2044 1379 2116 ipso
1407 2044 1510 2113 dicens,
1532 2052 1642 2117 propter
1654 2045 1778 2112 Putrern3
1798 2054 1822 2101 et
1841 2060 1892 2117 per

241 2136 381 2195 Dominum
390 2138 473 2195 Deum
487 2149 558 2197 tuum
570 2139 697 2209 odmuiis,
709 2147 733 2195 ει
741 2139 782 2196 illi
792 2140 842 2196 soii
850 2140 940 2195 urrisu
947 2136 1035 2211 (Dour.
1088 2136 1186 2207 iprum,
1199 2144 1308 2208 propter
1320 2134 1417 2193 Filium
1425 2154 1432 2205 ;
1440 2138 1467 2193 in
1475 2140 1541 2208 ipro,
1554 2146 1664 2209 propter
1675 2136 1804 2209 Spiritum
1822 2151 1891 2195 san-

240 2244 280 2295 rr,
297 2231 353 2302 lb).
366 2230 416 2300 Qui
428 2232 558 2288 Dominus
570 2232 640 2288 Deus
655 2232 678 2287 si
692 2246 746 2288 non
759 2229 886 2296 Trinitas,
901 2227 950 2284 sed
964 2228 1038 2284 solus
1090 2236 1162 2284 ctum
1180 2244 1187 2283 ε
1207 2242 1256 2285 cnr
1278 2226 1348 2283 banc
1368 2226 1525 2285 Trinitatem
1544 2242 1627 2284 unum
1640 2226 1782 2285 Dominum
1801 2227 1892 2285 neum

241 2330 286 2379 cst
305 2322 385 2379 Pater
404 2340 411 2376 ε
427 2322 600 2393 prohibemur
622 2324 713 2394 utique
734 2323 848 2378 Domino
868 2320 978 2379 cbristo
992 2319 1039 2377 tali
1091 2331 1145 2374 non
1165 2318 1243 2375 uultis
1262 2320 1430 2391 agnoscere?
1453 2316 1676 2389 Quandoquidem
1696 2332 1750 2375 non
1773 2317 1821 2385 ait,
1845 2318 1893 2373 Ex

242 2416 373 2473 servitute
385 2417 496 2483 seruire,
520 2417 547 2473 in
565 2431 598 2473 eo
609 2416 681 2489 quod
704 2415 836 2483 audimus,
851 2414 898 2471 lili
914 2414 963 2469 soii
982 2429 1038 2469 rer·
1090 2411 1166 2482 ipsis,
1180 2419 1208 2467 ει
1215 2426 1264 2484 per
1278 2412 1361 2482 ipsos,
1377 2412 1444 2469 etin
1461 2412 1543 2482 ipsis,
1558 2410 1607 2467 sed
1619 2410 1666 2479 ait,
1685 2426 1716 2465 eu
1727 2410 1793 2481 ipro,
1807 2418 1831 2466 ει
1841 2426 1894 2481 per

243 2506 296 2563 sier
304 2525 315 2575 ,·
329 2509 353 2564 si
365 2509 402 2563 ita
417 2509 517 2565 dictum
530 2519 582 2575 est,
598 2524 630 2566 uc
641 2509 665 2565 si
680 2508 825 2577 diceretur,
837 2508 893 2565 Deo
903 2507 977 2563 Patri
987 2506 1039 2563 soli
1091 2502 1184 2575 iprum,
1199 2503 1255 2558 etin
1267 2502 1322 2574 ipro
1331 2512 1391 2558 runt
1400 2503 1485 2560 omniu
1496 2518 1506 2557 :
1517 2517 1568 2560 uec
1577 2504 1624 2573 uic,
1635 2502 1702 2575 lpsis
1713 2502 1815 2576 gloria,
1826 2502 1892 2573 sed,

242 2601 355 2657 seruies.
368 2600 419 2671 Qui
433 2601 554 2673 prolecto
573 2603 596 2659 si
618 2602 702 2668 scius,
725 2612 752 2658 et
772 2617 827 2657 non
844 2603 902 2673 ipsa
922 2598 1040 2657 Trinitas
1091 2595 1141 2669 ipsi
1153 2595 1235 2668 qicrr'u
1247 2597 1275 2651 iu
1287 2596 1382 2653 seculo
1394 2594 1554 2651 cerebrum.
1569 2594 1660 2653 Amen.

244 2691 321 2759 dixit,
335 2691 391 2764 Epo
409 2708 465 2748 curn
479 2692 613 2761 Donunur,
633 2701 658 2749 ιι
673 2709 725 2749 non
740 2702 777 2747 ert
794 2692 860 2747 aliur
876 2700 969 2764 prater
981 2706 1040 2757 me:
1128 2689 1155 2745 5.
1169 2687 1283 2745 Falleris
1295 2702 1371 2758 sane,
1386 2688 1432 2759 qui
1453 2698 1531 2759 putas
1553 2688 1588 2746 de
1607 2686 1688 2744 Patre
1700 2687 1759 2744 solo
1772 2700 1833 2743 esse
1845 2685 1894 2743 dt·

245 2783 352 2853 negarit
371 2797 431 2839 esse
448 2782 545 2839 Filium
568 2784 710 2841 Dominum
729 2784 822 2851 talem,
844 2782 917 2855 quali
930 2782 1040 2839 dominu
1092 2789 1177 2848 cium,
1192 2780 1276 2838 Nemo
1290 2783 1379 2849 bouus,
1393 2781 1442 2838 nisi
1461 2798 1526 2837 uuus
1540 2778 1619 2839 Deru.
1639 2780 1667 2839 st
1682 2780 1752 2837 euim
1765 2778 1894 2849 dirimet,

245 2873 361 2929 seruitus
374 2872 420 2929 illa
429 2871 551 2942 debetur,
568 2888 619 2945 qua
632 2872 738 2929 nonnisi
751 2873 808 2929 Deo
823 2888 886 2929 cum
898 2877 961 2929 uera
975 2870 1041 2928 reli·
1092 2871 1177 2928 Nemo
1197 2874 1295 2940 bonus,
1313 2873 1366 2929 nisi
1380 2888 1448 2931 unus
1466 2873 1562 2941 Palen
1576 2887 1628 2930 nec
1640 2873 1679 2929 sic
1691 2872 1833 2931 exclusum
1846 2870 1896 2928 Fi·

245 2962 327 3035 qione
342 2963 467 3019 servitur.
489 2964 547 3020 Non
569 2966 640 3021 enim
661 2963 739 3032 dixit,
762 2965 819 3035 Ego
836 2978 897 3019 sum
912 2964 1041 3021 Domirrns
1093 2963 1159 3020 lium
1171 2973 1198 3020 ει
1211 2963 1339 3034 Spiritum
1352 2972 1473 3021 saucium
1485 2964 1520 3021 ab
1531 2964 1583 3021 ista
1593 2966 1694 3022 unitate
1706 2962 1835 3019 bonitatis
1844 2977 1897 3019 ro·

245 3056 334 3126 nrajor
345 3065 392 3112 aut
412 3057 517 3125 melior,
533 3064 561 3116 et
579 3067 688 3115 nonest
702 3066 791 3115 tarrtus
811 3066 857 3114 aut
870 3058 930 3114 talis
943 3067 1042 3128 praeter
1093 3054 1188 3113 luisset
1203 3056 1314 3129 intelligi
1329 3073 1337 3112 ε
1353 3056 1415 3129 quia
1434 3064 1463 3114 et
1476 3056 1542 3114 illud
1562 3056 1634 3129 quod
1654 3056 1735 3113 simili
1755 3056 1897 3115 locutione

246 3162 292 3203 me
306 3164 315 3201 ε
328 3148 542 3206 sodrolenssibi
559 3149 650 3207 solies
664 3166 724 3221 quae
738 3150 918 3207 DominoDeo
929 3150 1043 3207 debetur
1093 3146 1194 3204 dictum
1208 3156 1259 3216 est,
1275 3164 1356 3219 quam
1374 3164 1453 3220 supra
1472 3150 1692 3220 conrmemorari,
1709 3147 1751 3205 Du
1768 3165 1827 3220 qum
1845 3148 1898 3206 Dei
1931 3175 1934 3181 ·

246 3238 376 3295 servitute
389 3241 492 3309 serviri,
507 3240 565 3314 Epo
575 3258 642 3310 rum,
654 3243 751 3313 inquit,
758 3240 893 3313 Dominus,
906 3252 930 3298 ει
941 3259 993 3300 nou
1005 3253 1043 3299 ert
1093 3251 1165 3308 aurit,
1179 3256 1252 3297 nemo
1264 3242 1320 3309 scit,
1336 3242 1385 3298 uiri
1399 3241 1512 3315 Spiritus
1531 3241 1585 3298 Dei
1595 3241 1617 3314 (l
1629 3240 1689 3299 Gor.
1708 3258 1738 3310 u,
1753 3242 1816 3315 lli:
1839 3256 1897 3300 uon

247 3330 314 3385 oliuu
322 3338 415 3401 muter
425 3346 474 3386 me.
493 3331 578 3389 Porro
596 3333 619 3389 si
633 3348 684 3388 vor
704 3332 764 3401 ista,
785 3333 855 3389 sicut
867 3332 998 3390 catholica
1012 3334 1043 3389 ii·
1093 3331 1256 3389 excludisab
1269 3332 1320 3389 bae
1332 3333 1443 3389 scientia
1455 3332 1552 3391 Filium
1571 3332 1630 3389 Dei.
1642 3333 1747 3402 Quanto
1760 3347 1828 3404 erqo
1842 3346 1897 3389 uo·

247 3420 297 3479 des
310 3423 384 3491 dicii,
401 3424 479 3480 unius
490 3424 539 3481 Dei
551 3433 602 3490 esi,
614 3424 685 3495 quod
698 3434 741 3481 eat
754 3424 812 3496 ipsa
831 3423 961 3493 Trinitas3
983 3422 1043 3481 sins
1094 3420 1136 3480 bis
1151 3423 1263 3481 latitudo
1277 3424 1459 3497 intelligentius
1472 3426 1558 3497 magis
1571 3434 1653 3497 patet,
1669 3424 1732 3495 quia
1747 3438 1802 3480 non
1813 3422 1895 3493 dixit,

248 3515 301 3571 ulla
314 3514 478 3573 dubitatione
486 3516 549 3573 buic
560 3518 612 3575 soli
623 3516 794 3574 serviendum
806 3522 849 3572 εει
858 3530 892 3573 cu
903 3516 1041 3584 servitute,
1093 3514 1179 3572 Nemo
1193 3516 1288 3583 bonus,
1301 3516 1353 3573 nisi
1365 3532 1433 3575 unus
1447 3516 1543 3585 Pater,
1556 3516 1615 3585 sed,
1630 3514 1715 3572 Nemo
1735 3516 1825 3585 bonus,
1844 3516 1898 3573 nisi

247 3623 308 3677 qum
320 3608 429 3665 nonnisi
450 3609 564 3667 Domim
583 3610 639 3667 Deo
652 3609 774 3677 debemr,
787 3609 850 3682 quia
866 3610 924 3681 ipse
936 3617 977 3667 est
989 3608 1043 3667 Do-
1095 3624 1161 3665 uuus
1171 3608 1259 3678 Deum
1281 3609 1351 3683 quod
1366 3621 1407 3669 est
1425 3612 1482 3681 ipsa
1495 3610 1625 3668 Trinitas.
1638 3610 1783 3679 uomebat
1794 3612 1899 3683 quiippe

248 3699 347 3767 minus,
362 3709 390 3757 ει
400 3714 455 3757 non
466 3708 508 3757 est
520 3700 589 3758 alius
603 3710 700 3773 practer
713 3701 811 3772 ipsum.
1094 3701 1140 3759 ιιιε
1153 3701 1197 3757 cul
1210 3700 1263 3758 boc
1275 3701 1508 3777 responditlesus,
1517 3718 1570 3759 non
1579 3703 1678 3759 bonum
1688 3702 1896 3775 qualecumque,

283 3791 311 3846 l.
333 3790 436 3848 Deiode
454 3807 546 3863 quaro
566 3792 702 3864 quomodo
714 3791 830 3863 accipias
849 3790 921 3862 quod
941 3788 1043 3847 dictum
1095 3792 1143 3849 sed
1155 3792 1253 3849 bonum
1268 3794 1409 3865 quolicret
1422 3794 1533 3861 lreatus;
1545 3794 1692 3866 imoipsam
1700 3794 1898 3853 beatitudinem

247 3892 300 3951 est,
317 3882 390 3939 llnur
412 3882 483 3940 Deus
497 3883 587 3954 Pater,
601 3901 634 3941 eu
654 3901 703 3957 quo
724 3886 819 3955 omniu,
833 3894 859 3941 et
870 3885 1044 3955 mainburc,-
1094 3898 1199 3952 reram,
1213 3884 1239 3940 id
1252 3893 1303 3953 est,
1315 3885 1399 3943 vitam
1416 3884 1585 3942 desiderabat
1596 3893 1725 3942 eternam
1737 3902 1745 3941 ε
1758 3893 1786 3942 ει
1804 3885 1898 3945 inter·

248 3984 274 4031 ει
285 3992 354 4030 unus
366 3975 491 4032 Dominus
501 3975 577 4033 lesus
589 3975 714 4044 cinctui,
723 3994 767 4049 per
777 3994 850 4047 quem
859 3978 953 4046 omniu,
964 3986 989 4033 ει
997 3994 1045 4034 nor
1095 3976 1240 4049 pellaverat
1255 3986 1380 4048 tanquam
1394 3977 1529 4034 bominem
1540 3976 1686 4045 Cbristum,
1699 3978 1823 4036 nesciens
1830 3993 1899 4037 eum

249 4083 295 4139 per
317 4067 411 4136 iprum.
431 4068 564 4140 Numquid
588 4084 642 4124 non
662 4078 691 4125 et
715 4083 749 4124 er
771 4067 839 4123 Filio
856 4077 919 4123 sunt
930 4069 1042 4124 omnia:
1095 4083 1156 4126 esse
1170 4070 1250 4126 etiam
1269 4069 1364 4127 Deum.
1380 4070 1489 4127 Dixerat
1497 4071 1570 4126 enim
1586 4086 1593 4125 ι
1610 4068 1734 4143 llopirter
1746 4070 1817 4135 ione,
1832 4070 1899 4143 quid

248 4159 463 4230 quandoquidem
475 4161 533 4231 ipse
545 4160 620 4225 dicit,
633 4160 802 4232 Quacumque
812 4157 892 4215 Pater
902 4161 977 4232 sumt,
989 4159 1045 4216 lroec
1096 4161 1199 4233 smirne,
1218 4170 1246 4216 ut
1265 4162 1342 4217 citum
1362 4162 1659 4232 eternumconuquor?
1675 4160 1751 4219 Tunc
1767 4163 1806 4218 uit
1826 4161 1898 4219 itte:

249 4248 367 4307 erutus
382 4249 497 4305 umiliter
508 4250 569 4320 sumt
581 4248 671 4323 (loon.
681 4264 708 4318 r,
721 4248 824 4321 19)?Si
834 4259 923 4306 autem
939 4250 975 4305 ita
986 4249 1044 4307 dis·
1098 4252 1168 4323 Quid
1186 4271 1225 4323 me
1246 4254 1309 4309 duris
1327 4252 1441 4309 bornum?
1463 4251 1545 4313 Neam
1564 4254 1652 4320 bonus,
1668 4253 1718 4309 uiri
1733 4268 1797 4308 mur
1816 4250 1896 4309 Deus

249 4340 359 4415 tinnis,
372 4351 402 4398 ut
428 4358 481 4399 non
493 4344 547 4399 sint
556 4358 605 4413 per
614 4342 723 4399 Patrem
732 4343 832 4411 omnia,
846 4342 894 4399 sed
906 4358 941 4399 ex
952 4342 1044 4410 Patre
1097 4346 1194 4417 (llere.
1206 4362 1234 4415 a,
1251 4345 1296 4414 ιι,
1312 4346 1366 4418 ts).
1380 4344 1441 4414 Vel,
1456 4346 1525 4401 sicut
1534 4346 1630 4415 legitur
1639 4343 1710 4417 apud
1721 4345 1900 4401 abumarum·

250 4450 301 4493 occ
314 4435 402 4492 omnia
415 4434 470 4492 sint
480 4451 514 4493 ex
525 4435 604 4503 Filio,
620 4435 666 4492 sed
680 4450 730 4507 per
748 4432 865 4492 Filium:
878 4436 939 4508 quis
949 4450 1044 4492 eorum
1096 4437 1229 4509 gelistam,
1246 4437 1317 4508 quod
1332 4437 1495 4493 tantumdem
1516 4437 1601 4504 vaiet,
1622 4434 1707 4492 Neruo
1728 4435 1826 4503 torm,
1845 4436 1901 4493 nisi

250 4527 298 4583 tibi
312 4527 490 4583 videturesse
510 4526 555 4584 illc
571 4526 607 4585 de
623 4542 678 4597 quo
695 4525 766 4583 idem
780 4525 918 4598 apostolus
929 4526 1003 4593 dicit,
1022 4524 1045 4580 0
1096 4529 1167 4585 solur
1180 4527 1251 4585 Dour
1265 4528 1343 4601 (bur.
1356 4543 1435 4595 uranu,
1450 4525 1506 4600 lD).
1521 4527 1658 4599 Tanquam
1670 4526 1772 4585 diceret
1788 4546 1795 4583 c
1809 4526 1901 4585 Recte

249 4614 358 4673 ubuum
371 4616 517 4674 dinitiarum
535 4617 666 4690 sapientie
678 4625 703 4673 ει
716 4617 827 4672 smerde
838 4616 905 4672 Dei!
914 4632 992 4687 quom
1003 4616 1046 4671 in·
1097 4636 1142 4677 me
1165 4620 1310 4691 appellabis
1334 4619 1434 4677 bonum
1446 4660 1453 4687 ,
1467 4620 1488 4675 si
1507 4634 1549 4675 ms
1576 4618 1682 4675 normis
1706 4618 1803 4675 Deum.
1827 4618 1901 4675 Nam

249 4711 398 4768 uruautu
417 4723 477 4767 sunt
487 4711 586 4782 judicio
599 4711 665 4782 qus,
676 4720 700 4766 ει
712 4708 899 4782 inomtipobilea
913 4715 961 4764 oioe
972 4708 1046 4781 ejus!
1098 4712 1204 4782 quando
1218 4727 1262 4767 me
1273 4711 1340 4768 nibil
1353 4710 1425 4768 aliud
1434 4726 1513 4783 quam
1525 4710 1661 4767 bominem
1670 4720 1759 4782 putas,
1773 4709 1838 4783 quid
1851 4726 1901 4768 nne

252 4804 316 4873 erir
327 4806 395 4861 enirn
409 4805 525 4876 mqnooit
538 4821 638 4861 murum
653 4803 777 4859 llonuiui.⁹
791 4804 843 4857 Aut
853 4802 911 4873 quir
924 4802 1045 4857 εοιιιιιια-
1098 4804 1165 4863 dicis
1177 4805 1294 4863 bonrum?
1307 4804 1366 4861 Non
1385 4817 1412 4861 te
1430 4804 1494 4861 iacit
1511 4804 1612 4862 bonum
1631 4818 1681 4863 nec
1698 4803 1826 4874 beatum,
1844 4806 1902 4863 nisi

250 4900 305 4956 rius
315 4902 371 4971 rjus
383 4899 453 4971 fuit?
466 4900 516 4955 dut
525 4900 583 4970 quir
593 4899 664 4970 prior
674 4898 744 4954 dedit
754 4898 803 4965 illi,
815 4909 839 4952 st
849 4898 999 4954 recurretur
1010 4896 1047 4954 eii
1098 4898 1197 4958 bonurn
1214 4898 1381 4956 immutabile
1395 4898 1551 4969 quodsolus
1570 4908 1613 4956 est
1631 4898 1712 4957 Deus.
1728 4898 1795 4955 Nam
1808 4899 1902 4957 bonrrs
2008 4924 2012 4943 u

251 4989 381 5058 Quonam
394 5006 427 5045 eu
444 4990 510 5060 ipro,
521 4992 708 5060 etperiprum,
720 4996 745 5043 ει
758 4988 786 5042 iu
799 4987 856 5057 ipro
869 4998 929 5043 surus
941 4988 1047 5045 omnio:
1099 4982 1220 5067 angelus,
1235 4992 1321 5049 bobus
1342 4990 1443 5061 homo,
1467 4991 1536 5049 buna
1550 5000 1646 5049 cetera
1670 4999 1814 5066 cresium:
1838 4990 1903 5049 base

249 5082 528 5155 ipriplorioinrmeulo
536 5080 783 5137 mortorumdmen
794 5078 881 5152 (Rom.
893 5078 1046 5153 uribid).
1099 5100 1154 5143 non
1165 5086 1201 5142 ita
1213 5084 1282 5141 bona
1301 5082 1373 5152 sunt,
1390 5094 1420 5140 ut
1439 5098 1471 5139 ea
1483 5083 1605 5155 quisquis
1623 5082 1736 5155 adeptus
1756 5082 1846 5149 luerit,
1866 5084 1904 5139 sit

252 5178 347 5243 Duum
357 5176 437 5235 Pater
446 5184 489 5235 est
499 5176 695 5249 intelligendus,
711 5190 745 5231 an
759 5173 860 5232 Filius?
873 5175 957 5232 Deum
970 5190 1048 5232 nam·
1098 5176 1211 5243 beatus;
1229 5189 1279 5233 nec
1300 5175 1353 5231 ulla
1373 5184 1414 5231 est
1433 5174 1511 5231 beata
1525 5174 1598 5241 uita,
1618 5174 1643 5231 si
1662 5188 1717 5231 nou
1734 5174 1769 5231 sit
1782 5184 1902 5231 eterna.

250 5284 304 5339 quo
317 5268 557 5339 priusnominarit,
569 5264 834 5326 dicenszoultitrdo
847 5267 993 5324 dinitiarum
1002 5284 1046 5324 ro·
1099 5266 1239 5335 Quomodo
1254 5278 1342 5324 autem
1362 5281 1416 5324 non
1434 5274 1476 5322 est
1489 5266 1541 5321 tale
1560 5267 1660 5325 bonum
1681 5267 1728 5323 Dei
1749 5265 1834 5323 Filius
1849 5282 1902 5323 ve·

251 5360 354 5435 pienum
364 5363 508 5419 ειωιιιιιιεε
517 5360 583 5419 Dei!
595 5362 691 5418 Postea
703 5374 838 5417 ueroeam
848 5358 989 5417 Dominum
999 5374 1047 5431 ap
1099 5374 1157 5429 rus,
1171 5374 1232 5417 cum
1247 5360 1282 5417 sit
1293 5376 1371 5417 verus
1385 5360 1457 5417 Deus
1474 5368 1502 5417 ει
1514 5360 1567 5417 vita
1579 5370 1689 5428 eterna,
1706 5360 1830 5431 adquam
1847 5374 1903 5416 cu·

252 5447 1046 5524 portansqubiuit:Qubmtmmqnooimemumbomtnitsm
1099 5453 1190 5525 plebat
1201 5453 1246 5509 ille
1255 5452 1302 5525 qui
1314 5453 1525 5525 interrogaverat
1539 5451 1699 5525 pervenire?

251 5545 304 5601 Duc
315 5558 370 5599 aon
380 5543 693 5601 babeteontrouersiam:
708 5552 850 5613 utrumque
862 5544 933 5599 enim
948 5558 1046 5600 nonren
1136 5544 1162 5601 6.
1177 5544 1290 5601 Proinde
1300 5560 1361 5600 cum
1371 5559 1421 5617 epo
1431 5558 1560 5613 asseram,
1575 5542 1658 5600 lienum
1670 5544 1757 5609 bonus,
1769 5543 1818 5598 uiri
1828 5560 1903 5603 unus

251 5635 333 5693 etiam
348 5648 396 5691 ros
409 5642 437 5691 ει
447 5634 518 5690 Patri
531 5633 675 5705 migrantis
687 5638 715 5690 et
728 5632 806 5689 usito.
820 5632 912 5704 Neque
923 5632 995 5688 enim
1006 5632 1047 5688 sic
1100 5644 1127 5694 ει
1136 5638 1205 5692 solur
1218 5635 1297 5704 Deru,
1312 5637 1346 5693 de
1361 5638 1419 5709 ipsa
1429 5636 1559 5694 Trinitase
1573 5637 1675 5695 dictum
1685 5650 1755 5701 esse,
1766 5636 1812 5705 qui
1823 5634 1902 5692 Deus

219 5770 227 5775 .
251 5726 342 5782 dicitis
355 5725 438 5783 θευιιι
459 5725 575 5794 Patrem,
591 5735 621 5783 nt
634 5725 736 5796 negetis
748 5738 809 5781 csse
824 5722 909 5781 Deum
927 5722 1045 5794 Filium3
1100 5741 1170 5785 uuus
1185 5728 1368 5795 etsolusest;
1383 5736 1412 5783 tu
1430 5735 1519 5785 autem
1533 5742 1637 5783 asseras
1651 5725 1756 5783 desolo
1770 5724 1826 5781 Deo
1846 5725 1903 5780 Pn-

251 5817 351 5882 sutsic
362 5818 450 5877 dicitis
458 5817 544 5876 Deum
557 5818 666 5889 dilium,
678 5826 709 5874 ut
717 5816 819 5889 negetis
829 5832 890 5876 esso
899 5818 983 5878 Deum
993 5818 1044 5875 Pa·
1101 5816 1756 5897 tredictumesse,quiaipsedcnuDorDoDous,
1771 5815 1901 5876 denullo
2011 5882 2012 5897 χ
