4034 6334
257 312 310 371 dih

258 433 431 506 osterrdamns
441 446 496 503 illis
510 446 609 518 nrajora
623 455 649 501 et
663 443 779 500 firmiora
795 434 912 499 esse‘itia
928 443 1035 499 testimo
1049 471 1053 483 ·

258 542 320 606 itia,
336 558 396 613 quae
408 541 442 598 dc
455 538 620 610 subjectione
634 537 692 594 iiiii
714 537 741 592 in
755 535 900 608 Scriptoris
923 544 985 593 sunt
1004 551 1052 610 po·

258 637 329 709 sita,
344 634 379 694 de
391 635 424 692 iis
438 649 497 706 qntc
518 635 545 688 in
560 629 704 702 Evangelio
719 640 842 701 agunmr.
858 629 885 684 st
906 629 977 686 enim
992 644 1053 699 pro·

260 737 320 799 pter
334 726 457 795 homines
471 740 551 796 super
565 733 664 780 terram
678 736 708 778 sc
718 720 891 788 bitariliahat,
906 728 932 778 et
948 735 1001 775 non
1025 727 1054 774 nt

260 819 388 878 obediens
402 827 429 876 et
446 815 582 888 subjectus
595 815 672 888 lilios¹
688 830 750 870 curn
772 811 972 883 incomparabili
986 811 1053 868 dile-

260 912 349 968 ctione
363 918 390 964 ct
400 909 545 982 gratiarum
560 907 665 964 actione
680 905 754 962 Patri
774 920 824 962 suo
838 903 1052 977 obsequebatnr;

260 1005 463 1075 quiaquantum
485 999 606 1056 sublimis
619 1008 661 1056 εει
676 1001 703 1054 in
720 1007 870 1071 potestate,
886 1007 986 1053 tantum
1003 997 1053 1054 hu-

261 1097 331 1152 oritis
345 1105 386 1154 est
400 1095 426 1150 in
438 1095 568 1168 olmequio
583 1112 589 1149 ι
604 1103 746 1166 autequam
761 1107 868 1148 carerem
882 1089 1052 1162 susciperet,

260 1206 343 1262 qnare
351 1190 444 1262 jussus
458 1188 610 1256 obaudivit,
625 1198 653 1246 et
667 1187 747 1247 niodo
759 1186 856 1245 sedens
866 1186 901 1243 ad
915 1185 1053 1246 dexteram

262 1284 308 1338 lici
325 1282 477 1354 interpellat
489 1297 537 1352 pro
557 1283 634 1338 nobis
646 1281 739 1351 (Rotae.
752 1296 816 1344 vrri,
832 1278 895 1352 54),
912 1288 939 1336 ει
950 1279 978 1334 in
992 1294 1053 1334 cor-

261 1391 327 1446 pore
339 1375 498 1431 constitutus
514 1389 596 1444 super
611 1384 708 1430 terram
721 1373 748 1426 in
763 1373 831 1428 coelo
844 1387 874 1426 se
887 1371 993 1426 Patrem
1007 1385 1053 1426 ro·

186 1467 192 1472 ”
260 1481 383 1538 gattarum
399 1468 584 1540 promittebat,
595 1465 703 1528 dicens,
721 1463 754 1518 Et
775 1480 820 1535 equ
839 1464 932 1536 ropnho
951 1461 1055 1518 Putrem

261 1579 357 1630 uterina,
368 1570 394 1616 et
407 1562 486 1620 atium
497 1561 647 1616 odeocmunr
659 1559 729 1614 dubit
738 1558 807 1612 nohis
822 1557 981 1627 (leumxtr,
990 1555 1055 1628 ldl‘?

261 1655 329 1710 Etsi
343 1653 432 1710 adbuc
445 1652 472 1706 ia
485 1650 528 1707 bis
541 1650 665 1706 omnibns
679 1658 787 1720 propter
800 1647 926 1703 duritiam
936 1655 964 1704 et
975 1648 1054 1703 creci-

261 1756 343 1802 tatem
356 1744 445 1802 cordis
458 1744 499 1800 sui
512 1743 623 1800 credere
637 1740 776 1806 noluerint
783 1781 791 1805 ,
807 1737 853 1796 sed
875 1737 934 1796 ausi
956 1737 1055 1798 luerint

261 1838 351 1894 dicere
364 1837 435 1909 quod
450 1832 508 1892 haec
525 1835 615 1892 emnia
629 1833 785 1890 humilitatis
801 1847 879 1888 carisa
895 1831 981 1899 srrrnt,
994 1842 1056 1903 post

261 1928 518 1990 cousurnmationem
532 1927 641 1992 snerrli,
661 1924 714 1982 nisi
729 1938 759 1980 se
771 1934 865 1980 natura
877 1933 906 1980 ct
917 1924 1055 1982 voluntate

260 2023 341 2076 sciret
353 2020 501 2091 subiectum
510 2027 539 2075 et
549 2018 730 2085 obedientem,
745 2017 836 2088 utquid
847 2031 877 2073 se
887 2014 1052 2084 humiliaret,

261 2114 305 2172 uhi
322 2120 430 2184 propter
449 2111 573 2171 homines
594 2109 732 2168 humilitas
749 2109 899 2185 necessaria
919 2124 972 2164 non
994 2109 1054 2165 est?

262 2208 339 2277 Quot
349 2216 439 2266 nartem
452 2216 479 2262 ει
492 2215 552 2277 post
563 2203 822 2263 corrrummatianem
834 2202 935 2265 seculi,
948 2199 1055 2272 quando

260 2299 302 2356 illi
321 2299 410 2355 omitia
435 2295 534 2354 luerint
555 2296 675 2368 srdrjecta
702 2295 734 2402 (l
743 2294 802 2348 tior.
830 2311 881 2360 rr,
906 2291 956 2366 28)
971 2311 978 2345 r
993 2293 1054 2363 qnia

646 311 783 368 cortina
803 305 991 365 stittttonntt
1013 303 1226 372 adlaboravit.
1247 311 1276 368 S.
1299 313 1484 374 tbdbsttnt

1843 326 1887 388 tat

1109 447 1188 506 modo
1207 458 1301 506 natura
1323 449 1429 522 quidem
1446 451 1534 508 emnia
1548 464 1611 510 sunt
1624 455 1759 530 subjecta,
1774 467 1804 516 ut
1823 475 1889 520 crea·

1109 550 1165 598 tura
1178 542 1315 611 Creatori;
1331 543 1466 602 voluntate
1482 555 1589 616 autem,
1607 557 1715 620 propter
1727 550 1839 609 liberum
1850 571 1889 610 ar-

1108 635 1235 704 bitrium,
1251 653 1303 694 nort
1319 640 1408 694 omnia
1421 639 1457 695 illi
1472 641 1589 714 subjecta
1603 642 1723 700 ridemus
1737 661 1743 698 :
1758 653 1890 704 tuncrum

1108 726 1135 782 in
1148 727 1192 784 die
1201 727 1311 800 judicii,
1328 730 1433 800 qnando
1443 731 1469 785 ia
1482 731 1589 790 neminie
1602 731 1664 790 lesu
1679 749 1759 792 omne
1772 750 1840 806 genu
1850 738 1892 794 lie-

1108 827 1205 888 ctetur,
1221 821 1387 888 eoelcstinm,
1414 821 1589 890 terrestrium,
1615 833 1642 880 et
1671 823 1847 894 internorum,
1869 839 1892 884 et

1108 916 1194 970 omnis
1210 914 1300 988 lingna
1314 913 1500 985 confitebitur,
1515 916 1719 986 quialionrinns
1737 917 1815 978 lesus
1824 918 1892 976 Chri·

1108 1017 1164 1062 stas
1186 1008 1212 1061 in
1236 1008 1319 1079 gloria
1343 1008 1390 1064 Dei
1413 1007 1499 1066 Patris
1513 1010 1520 1041 ¹
1535 1009 1673 1082 (Philipp.
1698 1027 1731 1079 u,
1756 1012 1790 1069 lh
1803 1055 1813 1082 ,
1826 1015 1854 1070 ll
1866 1017 1892 1084 ),

1108 1101 1196 1156 emnia
1212 1102 1270 1158 sine
1283 1101 1354 1170 line,
1371 1110 1398 1158 et
1410 1103 1544 1158 rolrmtatc
1558 1111 1585 1158 ει
1596 1113 1690 1160 natura
1706 1106 1743 1160 illi
1753 1110 1893 1164 eruutsuh

1106 1194 1176 1264 jecta
1192 1211 1198 1250 a
1212 1204 1241 1250 et
1260 1196 1317 1266 ipse
1329 1205 1389 1268 post
1409 1198 1529 1254 ontrrium
1544 1198 1592 1254 sibi
1608 1199 1799 1268 subjectiorem
1822 1199 1846 1256 io
1867 1217 1893 1256 ea

1107 1285 1282 1367 solliectiono¹
1294 1296 1321 1342 et
1344 1286 1472 1344 charitate
1487 1303 1614 1353 rennuens,
1632 1289 1658 1343 in
1681 1305 1732 1362 qua
1747 1306 1861 1362 semper,
1871 1303 1895 1348 ει

1108 1376 1165 1446 ipse
1179 1386 1207 1432 ut
1226 1377 1309 1434 Filius
1331 1379 1466 1448 subjectus
1480 1379 1530 1434 erit
1544 1379 1568 1434 ei
1583 1379 1628 1450 qui
1642 1381 1679 1436 illi
1704 1380 1823 1438 subdidit
1843 1397 1906 1444 em.

1108 1469 1150 1524 nia
1167 1487 1174 1524 :
1189 1470 1277 1526 nullus
1296 1469 1406 1526 audiens
1428 1471 1590 1528 christianus
1612 1473 1734 1546 inrorat,
1761 1475 1823 1544 qnia
1836 1474 1896 1532 tides

1108 1577 1141 1619 cr
1153 1563 1244 1620 auditu
1258 1603 1267 1632 ‚
1279 1552 1394 1620 'auditus
1406 1573 1494 1620 autem
1509 1579 1556 1636 per
1569 1565 1676 1620 verbum
1690 1565 1789 1622 Christi
1801 1568 1812 1637 (
1824 1567 1894 1622 Rom.

1108 1671 1142 1724 ι,
1170 1655 1223 1728 lt>
1239 1674 1245 1710 :
1263 1664 1291 1712 ut
1313 1657 1348 1712 sit
1369 1655 1439 1714 heus
1464 1657 1552 1712 omnia
1576 1659 1601 1714 in
1627 1643 1770 1726 ominibus,
1797 1673 1897 1732 semper

1109 1747 1290 1802 monarchiam
1305 1757 1330 1804 et
1347 1757 1504 1818 potestatem
1521 1747 1621 1803 habens
1634 1749 1770 1813 orantium,
1786 1750 1831 1806 cui
1841 1751 1895 1822 glo·

1108 1839 1147 1902 ria
1167 1848 1196 1898 et
1217 1841 1320 1907 honor,
1336 1839 1394 1896 laus
1406 1849 1433 1895 ει
1452 1840 1597 1912 gratiarum
1621 1841 1706 1908 arctio,
1721 1857 1769 1912 per
1781 1844 1897 1916 unigeni-

1109 1943 1163 1987 tum
1178 1934 1236 2002 ejus
1258 1933 1354 1988 Filium
1370 1933 1513 1990 Donrhrurn
1527 1935 1537 1966 ¹
1553 1943 1580 1990 ct
1592 1933 1758 1990 Salvatorcm
1770 1943 1895 2000 nostrum,

1108 2026 1135 2080 in
1148 2025 1250 2097 Spiritu
1276 2033 1381 2092 sancto,
1398 2040 1468 2085 nunc
1480 2035 1508 2084 ct
1520 2041 1567 2098 ρει·
1579 2027 1667 2082 omitia
1680 2027 1776 2084 εεειιῑι
1789 2026 1896 2083 sarculo·

1109 2134 1178 2174 rum.
1192 2121 1287 2176 Amen.

1141 2229 1381 2293 tumulariam
1393 2228 1532 2282 noim.

1139 2294 1214 2344 'ld-‘m-
1228 2301 1312 2346 Deuttt.

557 2551 628 2667 s.
650 2545 1060 2690 ¹laureatam
1097 2513 1602 2661 nunusrrmr

849 2735 1108 2802 meronensis
1128 2733 1306 2802 EPISGOPI

274 3100 279 3186 2
348 2864 1820 3202 ‘sonmomnmfflaramnonnm

882 3220 1059 3308 LIBER
1095 3222 1256 3306 UNUS
1277 3209 1330 3303 (l).

901 3373 1261 3414 mmmmm

295 3485 408 3543 Chl‘lll
423 3481 605 3540 Pltlllllbl.—-
618 3481 643 3534 i.
652 3478 751 3533 Eorum
762 3475 922 3547 praecedenti
932 3474 1051 3545 disputa·

260 3577 326 3650 tioni
339 3577 389 3631 hac
402 3573 579 3648 disputatione
593 3567 752 3638 respondeo,
766 3566 885 3638 quicum
905 3565 1045 3643 llnnninnm

259 3663 482 3726 nostrumlcsum
495 3661 632 3720 Christum
650 3658 765 3713 latentur
773 3655 880 3728 quidem
899 3657 992 3720 Deum
1003 3655 1050 3710 scd

261 3759 344 3819 Deum
359 3772 453 3814 rerum
466 3765 494 3812 ct
507 3770 566 3814 cunr
580 3753 660 3810 Patre
669 3765 750 3806 unum
760 3749 845 3806 ileum
855 3749 953 3810 nolunt
964 3749 1050 3816 lateri,

259 3849 326 3905 duos
340 3846 550 3908 nobisinducunt
559 3827 744 3901 de'asdirersa
753 3839 920 3912 disparisque
933 3848 1050 3904 natorae3

259 3952 342 3999 utrmn
355 3953 457 4004 rerum,
473 3937 584 3992 alterum
598 3949 652 3990 non
666 3948 758 3988 rernm
775 3949 781 3985 :
796 3940 888 3988 contra
904 3931 966 3987 illud
979 3930 1051 4002 quod

259 4028 458 4101 scriptumest,
473 4025 552 4092 tuti,
566 4021 663 4089 laruel,·
680 4020 805 4076 hominus
829 4020 900 4076 dens
915 4031 982 4086 tuus,
999 4020 1053 4076 Do-

259 4119 343 4174 minus
362 4132 428 4172 uana
445 4112 585 4185 estllleut.
603 4127 639 4180 rr,
654 4109 699 4184 d).
714 4111 772 4166 lloc
784 4110 855 4166 enim
876 4111 899 4165 si
919 4109 953 4168 de
973 4109 1051 4166 Patre

238 4210 360 4268 dictum
380 4207 474 4262 voluat
489 4202 610 4274 intelligi,
628 4202 748 4274 sequitur
761 4210 790 4258 ut
808 4201 930 4258 Christos
949 4216 1001 4258 non
1016 4203 1052 4260 sit

260 4300 389 4358 boninus
405 4297 474 4353 [lens
494 4303 594 4352 troster.
613 4293 643 4350 Si
664 4299 752 4349 autem
768 4293 801 4349 de
816 4293 983 4356 litterator
997 4309 1050 4350 nan

258 4390 311 4446 erit
323 4388 450 4444 hominus
464 4386 535 4441 Deus
549 4393 649 4440 noster.
664 4383 770 4442 sivero
784 4384 818 4439 dc
832 4383 971 4451 ambobus,
985 4400 1049 4458 pro·

259 4481 330 4538 lecto
349 4479 428 4536 Pater
441 4486 469 4536 et
480 4477 563 4532 Filius
576 4491 644 4532 unus
661 4485 703 4532 est
715 4475 844 4532 Dominus
859 4476 930 4532 Deus
949 4487 1048 4533 noster.

259 4578 299 4631 lle
318 4588 367 4646 pcr
377 4571 430 4628 hoc
449 4569 514 4626 illud
527 4567 597 4642 qnod
612 4568 639 4626 in
653 4567 797 4641 Evangelio
812 4569 940 4642 seriptum
954 4579 1005 4637 est,
1016 4569 1038 4625 ll
1041 4579 1050 4624 ι

258 4674 411 4740 repraesentat
422 4673 446 4720 le
459 4680 539 4720 mrum
554 4677 640 4718 enum
653 4660 746 4728 bam,
760 4671 785 4718 et
806 4678 881 4734 quem
899 4660 991 4718 midan
1005 4657 1050 4716 Je-

258 4778 315 4818 sum
332 4759 459 4816 Christum
473 4755 563 4831 (leon.
574 4771 639 4822 xvir,
654 4752 699 4830 b);
715 4753 767 4809 hoc
779 4767 839 4808 eum
858 4752 957 4808 dixisse
976 4751 1048 4808 acci·

258 4850 386 4924 piendum
404 4857 456 4916 εει,
467 4846 503 4905 llt
517 4855 544 4919 te
557 4855 585 4902 et
597 4860 677 4916 quem
697 4843 792 4900 misisti
805 4842 896 4899 lesum
915 4841 1049 4901 Christum

257 4931 419 5014 coqno'seant
440 4952 523 4994 unum
545 4951 637 4993 rerem
658 4936 750 4990 licum.
765 4933 833 5002 Quia
852 4935 926 4992 etde
942 4933 1049 4992 Christo

260 5035 361 5093 dictum
372 5039 442 5089 esta
455 5029 558 5098 loannc
571 5026 704 5098 apostolo,
720 5025 781 5098 lpse
797 5037 833 5080 ert
858 5043 931 5082 vaur
942 5025 1012 5082 heus
1026 5037 1048 5082 et

256 5123 541 5197 naamaniticae.
556 5138 583 5188 v,
599 5119 660 5193 td).

293 5219 323 5274 Ξ.
338 5217 405 5274 ltern
417 5231 478 5274 cum
490 5215 582 5271 dicuat
594 5214 731 5270 Christum
746 5214 873 5268 uoluntate
892 5211 939 5266 ilci
951 5221 975 5267 et
992 5210 1046 5268 Pa·

259 5310 305 5381 tris
315 5309 358 5366 sui
367 5317 427 5363 onte
438 5307 524 5362 omnia
536 5308 630 5362 seculo
641 5305 813 5369 corratituturn,
821 5312 952 5375 errqrmtnr
965 5303 1047 5359 conh-

1108 3476 1159 3532 tori
1174 3475 1270 3531 Filium
1286 3473 1357 3530 Patri
1370 3487 1429 3530 csse
1444 3480 1616 3528 coaeternum.
1626 3471 1653 3528 Si
1664 3465 1740 3528 ‘araim
1753 3469 1901 3544 aliquando

1105 3567 1184 3624 Pater
1196 3567 1254 3624 sine
1268 3566 1337 3624 Filio
1350 3563 1543 3634 loit,eratante
1554 3562 1648 3620 lilium
1659 3563 1769 3634 aliquod
1785 3574 1903 3634 tempos,

1105 3673 1156 3731 quo
1171 3659 1249 3716 Pater
1269 3659 1328 3714 sine
1350 3657 1395 3712 illo
1410 3655 1482 3714 solus
1497 3655 1555 3711 luit.
1569 3655 1603 3710 Et
1616 3655 1749 3726 quomodo
1765 3663 1828 3712 crat
1842 3663 1904 3710 ente

1105 3750 1193 3806 omnia
1208 3748 1305 3808 saecnla
1317 3747 1411 3816 Filius,
1425 3755 1487 3803 ante
1500 3761 1578 3818 qoem
1593 3745 1642 3801 init
1657 3754 1760 3816 tempus
1775 3759 1833 3818 quo
1845 3745 1905 3801 sine

1104 3841 1150 3896 illo
1167 3848 1225 3896 erat
1238 3838 1334 3896 Pater?
1346 3838 1439 3904 Porro,
1454 3837 1478 3894 si
1489 3847 1551 3893 ante
1572 3837 1660 3892 omnia
1680 3845 1804 3906 tempora
1818 3835 1905 3892 Filius

1104 3939 1162 3987 erat
1174 3931 1184 4002 l
1193 3946 1246 3988 aron
1263 3930 1334 3988 enim
1352 3929 1430 3986 aliter
1444 3927 1644 4002 intelligendum
1658 3937 1709 3996 est,
1725 3927 1757 3983 in
1773 3927 1906 4000 principle

1104 4031 1158 4076 erut
1175 4019 1301 4088 labam·
1317 4029 1353 4090 et,
1371 4019 1465 4076 Omnia
1484 4037 1529 4094 per
1546 4021 1629 4092 ipsum
1652 4023 1720 4094 {octo
1733 4030 1799 4076 rant
1812 4019 1905 4092 (dean.

1106 4129 1124 4182 r,
1139 4113 1164 4181 l,
1177 4112 1204 4185 5)
1215 4130 1222 4180 ;
1234 4113 1294 4184 quia
1307 4122 1334 4170 et
1350 4100 1457 4186 ¹tompus
1471 4113 1529 4169 sine
1544 4112 1674 4184 aliquibus
1693 4123 1832 4169 ereatnrae
1846 4126 1906 4169 rrae)a

1104 4205 1174 4260 tibus
1189 4219 1241 4258 non
1257 4211 1424 4274 potestesse,
1441 4211 1468 4259 et
1479 4203 1540 4259 idco
1553 4217 1599 4274 per
1613 4203 1686 4258 illum
1700 4201 1771 4259 lacta
1787 4203 1908 4260 conlite-

1103 4311 1163 4353 mur
1178 4308 1205 4354 et
1218 4306 1348 4366 tempora,
1361 4309 1409 4365 per
1422 4309 1500 4365 quem
1514 4293 1581 4350 lacta
1595 4303 1657 4350 sunt
1668 4295 1756 4350 omnia
1768 4293 1795 4368 ),
1809 4297 1908 4366 procul

1103 4389 1184 4446 dubio
1200 4397 1350 4446 coeternus
1363 4395 1404 4445 est
1420 4385 1491 4443 Patri
1506 4387 1598 4444 Filius.
1608 4387 1660 4444 Sed
1675 4388 1912 4445 oolurrtntePutrir

1104 4479 1196 4536 dicunt
1228 4479 1402 4546 constitutum,
1426 4479 1549 4535 nolentes
1570 4479 1660 4535 dicere
1680 4479 1764 4536 ileum
1789 4481 1828 4537 de
1852 4479 1913 4537 ileo

1103 4571 1241 4642 aeqtralem,
1250 4569 1367 4642 genitum
1381 4579 1460 4640 atque
1472 4577 1645 4627 coeternum.
1660 4567 1803 4642 Nusquam
1816 4579 1912 4629 antem

1102 4661 1194 4734 legunt
1219 4664 1346 4718 uoluntate
1373 4659 1460 4717 Putris
1483 4661 1581 4718 Filium
1609 4672 1666 4718 unte
1695 4663 1788 4719 cornio
1811 4666 1913 4721 mlo

1102 4753 1274 4808 constitutum.
1290 4749 1343 4808 Sed
1367 4753 1418 4809 hoe
1433 4759 1572 4826 propterea
1587 4753 1689 4824 dicunt,
1705 4763 1734 4810 nt
1756 4753 1843 4826 prior
1864 4757 1914 4812 illo

1101 4843 1222 4901 rideatur
1233 4843 1457 4913 uoluntasPatris,
1466 4861 1517 4916 qna
1532 4859 1593 4900 enm
1607 4845 1784 4902 constitutum
1797 4848 1912 4904 uolunt.

1102 4933 1137 4991 Ει
1156 4935 1351 5010 argumentatio
1368 4950 1461 4992 eorum
1478 4935 1536 4991 talis
1554 4951 1614 4992 esse
1626 4935 1695 4992 solet
1709 4953 1717 4990 r
1732 4937 1914 5010 interrogant

1101 5028 1172 5084 enim
1193 5037 1281 5084 utrum
1298 5027 1377 5083 Pater
1389 5027 1485 5082 Filium
1498 5028 1590 5084 uolens
1603 5041 1636 5084 an
1649 5029 1743 5085 nolens
1755 5031 1914 5100 gennerit;

1103 5130 1132 5176 ut
1146 5120 1168 5176 si
1182 5133 1338 5190 responsura
1359 5119 1438 5176 luerit
1455 5119 1524 5192 quod
1542 5121 1635 5177 rolens
1647 5121 1784 5192 qenrrerit,
1802 5123 1915 5190 dicant,

1101 5210 1177 5266 Prior
1188 5218 1229 5266 est
1247 5225 1311 5281 ergo
1334 5211 1459 5266 voluntas
1474 5211 1568 5268 Patris.
1592 5211 1669 5280 ered
1688 5221 1782 5268 autern
1810 5215 1918 5271 nolens

1102 5301 1236 5376 genuerit,
1250 5303 1310 5373 quis
1330 5311 1418 5373 potest
1435 5299 1543 5359 dicere?
1557 5301 1610 5359 Sed
1626 5311 1654 5358 ut
1674 5303 1808 5360 noverint
1830 5321 1919 5378 quam

841 5408 985 5449 thtOSlTlo
1004 5409 1044 5447 ΡΡ.
1065 5407 1305 5448 nsbnutntittoitdnt.

289 5491 394 5544 vidinms
403 5491 475 5553 huius
484 5487 592 5554 opusculi
602 5485 734 5537 cdlimnos
745 5485 922 5546 manrrscriptos
932 5483 1030 5534 codices
1037 5490 1101 5544 octo,
1112 5485 1281 5542 sorbonicum,
1291 5489 1493 5546 cermanensem,
1504 5485 1689 5542 corbeiensem.
1702 5483 1921 5549 mosellensem,

256 5553 430 5612 michaelinum,
441 5553 589 5614 sagiensem,
602 5547 847 5599 tennensisttoclesiae
856 5557 940 5607 unum,
951 5551 977 5595 et
986 5544 1076 5596 donnini
1087 5545 1120 5594 de
1132 5553 1209 5594 tiaran
1217 5543 1350 5596 Tholosatis
1361 5557 1450 5608 unum,
1463 5555 1552 5610 praeter
1562 5555 1667 5612 quatuor
1682 5547 1819 5600 rmiotnos
1831 5565 1838 5600 ι
1855 5563 1920 5602 con-

255 5615 373 5668 suluimus
383 5613 457 5664 etiam
465 5613 542 5662 varias
553 5609 672 5662 lectiones
683 5607 832 5670 belgicorum
843 5608 924 5669 trium,
934 5613 960 5656 et
969 5605 1089 5656 editiones
1100 5614 1150 5656 tin.
1159 5611 1196 5656 tir.
1210 5613 1237 5656 et
1247 5613 1303 5658 tur.

294 5696 550 5776 comparavimur
564 5700 713 5772 pretereo
726 5709 775 5752 ens
791 5708 892 5751 omnes
906 5685 1058 5752 editiones
1069 5687 1163 5752 initio
1177 5689 1261 5752 llelr.
1274 5687 1468 5769 creontem,
1479 5699 1552 5756 tom.
1567 5693 1596 5768 l,
1610 5698 1822 5756 memoratae.
1849 5691 1895 5758 hi.

286 5801 324 5863 lu)
339 5800 440 5864 sotiqrhts
449 5793 609 5850 atmichristi
620 5793 673 5844 tls.
