4034 6334
14 328 15 375 ³
139 367 191 426 aar
613 368 616 374 ·
808 356 912 416 nmen
929 354 1118 418 smouous.
1731 369 1784 432 unq

138 485 198 556 fide,
212 480 370 540 menter
381 477 512 553 qiidist
522 476 695 536 mosmos·
707 483 731 532 et
745 474 868 532 ιιιιιίιιὲι
880 473 936 530 do·
990 489 1045 532 uno
1063 475 1098 534 de
1117 475 1223 547 ιιιὶΙΙι,
1244 476 1297 536 alio
1314 477 1350 536 de
1362 477 1466 538 liberal
1486 479 1515 538 Si
1529 479 1651 554 displicet
1665 481 1702 539 illi
1722 499 1783 544 anu

137 578 280 636 maiorum
299 577 328 632 in
341 575 469 649 opponiri
482 574 749 644 mendaciloquorum,
769 569 935 624 contemtum
988 566 1101 626 ismaele
1115 568 1315 628 Testamentum
1329 570 1429 642 Vetus,
1444 587 1506 630 cum
1521 572 1596 632 isaac
1613 574 1716 647 plamat
1727 576 1782 636 To·

136 666 449 726 rememoratione
460 681 544 734 uon,
557 662 716 736 prohibentes
728 661 821 718 nubem
831 659 933 734 (LTim.
988 669 1150 718 ammentum
1167 661 1281 719 Nouum.

135 777 169 828 ιι,
183 755 262 832 lib).
274 757 333 816 lion
346 757 419 815 enim
432 756 567 829 reperitur
578 754 715 812 Abrabam
725 753 816 825 aliquo
826 768 856 810 se
867 767 936 810 eoo·
954 753 963 815 ἓ
1024 755 1068 810 bl.
1089 754 1130 810 An
1151 761 1180 812 et
1197 761 1290 812 contra
1308 755 1466 828 Apostolum
1479 759 1665 832 propositurus
1678 771 1721 820 est
1733 775 1781 821 ca·

137 939 727 1012 amauitanciiiam;sedabusoreacccpit,
742 936 933 1010 quandonam
985 953 1132 1010 gerarum,
1150 948 1229 1012 atque
1247 939 1367 999 dicturus
1385 959 1438 1000 noo
1456 959 1518 1002 eum
1536 945 1662 1003 debuisse
1681 946 1781 1020 liguros

14 1022 15 1099 ἐ
136 1037 191 1109 ejus
202 1035 267 1092 lecit
279 1034 384 1106 dejure
395 1048 444 1091 suo
456 1032 528 1104 quod
540 1030 635 1098 uoluit,
648 1030 742 1088 voleus
751 1029 852 1087 babere
861 1027 931 1086 lilios
986 1045 1078 1087 rerum
1098 1029 1270 1089 bonestmum
1290 1031 1324 1089 dc
1345 1033 1426 1092 rebus
1445 1037 1566 1108 turpibus
1586 1037 1707 1096 ducere?
1725 1039 1781 1098 Res

136 1130 167 1186 de
184 1128 286 1185 marito
301 1142 361 1192 suo,
382 1125 504 1196 quamuis
522 1139 555 1179 ex
575 1133 653 1180 utero
669 1122 759 1178 alieno
776 1119 852 1193 (Gen.
870 1136 928 1190 xm,
985 1125 1058 1182 enim
1068 1125 1158 1198 turpis
1171 1126 1234 1183 buic
1248 1127 1371 1197 uidetur,
1387 1131 1467 1186 etiam
1480 1147 1540 1188 cum
1560 1133 1618 1205 ipsa
1631 1133 1697 1192 Sara
1711 1149 1779 1192 con-

135 1219 194 1292 bt)
209 1237 217 1274 ι
232 1218 278 1274 ubi
294 1217 366 1274 nulla
380 1216 490 1272 ornrnino
503 1213 666 1281 lasciuiendi,
682 1213 731 1270 sed
745 1211 803 1270 sola
814 1212 932 1284 cogitata
985 1216 1091 1274 cubitus
1109 1219 1273 1290 conjugalis,
1295 1234 1374 1291 quam
1394 1221 1506 1278 liberam
1526 1231 1638 1281 matrem
1658 1233 1779 1282 nostram

134 1321 173 1369 ast
186 1327 271 1368 causa
280 1308 437 1383 generandi·
449 1307 501 1362 loto
510 1313 600 1363 abiem
619 1303 743 1370 Abroi&
753 1305 835 1362 oliam
847 1318 932 1374 usquo
985 1317 1112 1368 aternam
1131 1311 1278 1368 Jerusalem
1298 1312 1449 1384 signiticare
1466 1323 1580 1372 testatur
1593 1316 1692 1373 boetor
1703 1315 1779 1374 Gen·

14 1396 15 1399 ’
75 1458 79 1468 ,
134 1403 165 1458 ad
186 1402 354 1472 decrepitam
375 1407 559 1466 senectutem,
574 1395 931 1467 lornicationisobiicitcri·
985 1401 1167 1476 tium(Gniat.
1182 1419 1231 1470 nu,
1245 1403 1370 1475 22-26),
1390 1408 1512 1477 quamuis
1528 1409 1631 1465 narium
1650 1425 1730 1482 rugas
1749 1414 1780 1466 et

134 1511 203 1556 oren,
220 1491 344 1563 prolecto
358 1491 419 1562 quia
433 1498 460 1546 et
474 1498 658 1560 postmortem
671 1487 932 1544 Sarmalteramdu-
983 1493 1080 1552 lrontis
1104 1496 1229 1565 obducat,
1252 1507 1279 1554 et
1298 1499 1415 1569 crispato
1435 1501 1507 1557 uultu
1531 1502 1599 1558 banc
1622 1505 1778 1575 parabolam

14 1590 15 1595 ’
132 1582 248 1658 ιιιῌό.
263 1599 337 1651 ιιι,
353 1579 401 1654 i).
420 1581 469 1639 Ubi
488 1581 540 1637 etsi
559 1580 661 1648 pullum
680 1579 873 1652 intelligeretur
891 1579 932 1638 rei
983 1587 1130 1644 exhorreat
1142 1588 1236 1644 doctor
1251 1589 1431 1660 pestilentium
1448 1602 1496 1650 :et
1510 1595 1594 1650 multo
1616 1597 1731 1667 amplius
1750 1603 1779 1653 ct

132 1675 230 1733 abditas
251 1681 469 1742 sacramentum,
491 1680 600 1744 propter
619 1672 670 1728 boc
688 1672 821 1743 solumid
842 1671 931 1730 Tacere
983 1679 1191 1751 aspernabilius,
1206 1681 1313 1752 quando
1327 1682 1401 1738 audit
1414 1684 1537 1742 eumdem
1550 1685 1673 1742 Gentium
1686 1688 1779 1744 docto-

14 1804 15 1807 =
131 1769 223 1826 debuit
236 1768 388 1835 Abrabam,
401 1783 436 1824 ne
449 1776 575 1838 putarent
586 1763 704 1822 baeretici
716 1765 845 1820 aduersus
857 1765 930 1836 Apo-
982 1786 1051 1839 rem,
1067 1771 1138 1842 quod
1150 1771 1277 1843 scriptum
1289 1781 1330 1828 est
1343 1773 1377 1829 de
1390 1776 1510 1832 masculo
1529 1785 1557 1833 et
1570 1777 1678 1846 lentina,
1694 1777 1778 1834 Erunt

131 1860 433 1931 stolum,quibusetiam
447 1858 632 1914 Tertullianus
645 1857 802 1927 astipulator
813 1858 929 1928 assistit,
983 1862 1033 1918 duo
1045 1865 1072 1918 in
1086 1879 1162 1919 corne
1175 1881 1245 1931 uno,·
1258 1863 1356 1922 addere
1368 1874 1396 1922 et
1409 1868 1510 1936 dicere,
1525 1868 1718 1926 Sacramentum
1731 1872 1779 1927 boe

131 1967 190 2028 post
201 1955 299 2012 uxoris
310 1961 436 2021 mortem,
447 1952 620 2009 crimenesse
630 1952 863 2009 ducereuaorem.
875 1951 929 2010 Sed
982 1971 1103 2026 mnqnum
1121 1963 1173 2021 cst,
1188 1963 1332 2026 aquenum
1344 1957 1400 2013 dico
1413 1959 1439 2014 in
1457 1958 1559 2016 Gbnrto
1577 1972 1601 2016 rt
1619 1963 1646 2017 in
1660 1959 1778 2020 Ecclesia

131 2049 199 2106 sicut
213 2048 266 2104 sibi
281 2048 333 2104 istc
346 2047 451 2102 uidetur
464 2046 584 2103 inuenire
596 2046 624 2102 in
637 2038 791 2116 aposlolieis
804 2045 928 2116 Litteris,
982 2047 1120 2120 (spiens,
1135 2049 1181 2117 bl,
1195 2048 1251 2121 52).
1267 2049 1341 2108 itanc
1356 2067 1420 2109 uero
1434 2054 1478 2111 ubi
1490 2065 1579 2112 essent
1592 2057 1778 2129 cognoscenda

14 2186 15 2227 q
131 2157 188 2213 qum
200 2141 276 2198 dicat
288 2148 383 2196 contra
397 2139 496 2211 Legem
508 2155 557 2212 per
571 2139 682 2212 btopsen
693 2139 794 2206 datam,
808 2141 851 2196 uel
862 2155 929 2196 cou-
982 2149 1062 2197 tantm
1083 2142 1120 2198 rei
1140 2154 1316 2211 sacramenta,
1337 2145 1363 2201 id
1385 2157 1436 2217 est,
1457 2163 1533 2206 sacra
1550 2151 1635 2223 signa,
1654 2161 1683 2209 ct
1699 2153 1726 2208 in
1746 2166 1777 2210 ro

14 2230 15 2271 i
132 2243 168 2291 tra
180 2234 386 2290 Testamentum
399 2231 498 2299 Teium
512 2231 630 2288 inveniat
641 2240 669 2287 et
677 2230 777 2304 aliquid
785 2231 930 2290 aduersum
981 2231 1126 2303 pudenda,
1142 2241 1222 2304 atque
1241 2233 1267 2290 in
1282 2235 1322 2291 eis
1341 2237 1430 2294 uerbis
1444 2241 1541 2312 quibus
1554 2243 1713 2300 uerecundia
1725 2244 1775 2302 de·

131 2326 279 2393 Abrabam,
292 2322 930 2396 quodexmangelicisffiiuerissonarevidca·
981 2320 1078 2392 betur,
1099 2325 1225 2396 cognosci
1246 2341 1299 2382 non
1320 2326 1444 2387 debuisse
1464 2347 1514 2389 nec
1529 2333 1601 2401 dici,
1623 2335 1705 2391 bomo
1723 2336 1776 2393 iste

132 2430 171 2477 tur
182 2439 190 2476 ι
200 2420 315 2478 omnino
328 2432 382 2476 non
393 2419 521 2476 inueniet.
535 2417 703 2489 Ubicumque
715 2417 762 2473 ille
773 2417 929 2474 nominatur
981 2417 1091 2485 sciebat,
1105 2425 1132 2474 et
1144 2418 1238 2474 beatus
1249 2421 1393 2490 Apostolus
1404 2425 1559 2482 nesciebat?
1572 2427 1623 2484 liat
1634 2429 1712 2501 plane
1724 2430 1776 2488 istc

131 2513 249 2570 inlibris
263 2512 429 2569 Testamenti
440 2511 527 2580 Nori,
541 2525 603 2568 corn
617 2510 721 2566 bonore
733 2509 928 2569 debitooomi·
981 2519 1055 2570 retro
1068 2527 1129 2570 cum
1142 2514 1198 2569 suis
1211 2513 1343 2572 similibus
1355 2518 1454 2586 sociis,
1470 2520 1514 2593 qui
1529 2520 1672 2591 dixerunt,
1689 2521 1776 2579 bonu

130 2618 207 2664 uatur
224 2625 234 2663 z
252 2607 292 2662 ita
306 2615 336 2663 ut
350 2606 450 2664 ludaeis
469 2606 571 2664 diceret
590 2607 648 2677 ipse
667 2605 818 2675 bominus,
833 2605 866 2664 Si
880 2607 930 2677 filii
981 2614 1017 2662 cst
1038 2606 1079 2662 bic
1095 2623 1200 2676 oenum·
1217 2611 1273 2682 quir
1290 2625 1347 2664 cnm
1361 2613 1776 2688 potataudirctioun.u1,dl)i

131 2700 241 2755 Airuioe
251 2699 324 2767 atis,
340 2700 409 2770 facto
423 2697 532 2754 soruba
542 2699 620 2769 {scite
632 2696 722 2770 (donn.
735 2713 802 2766 unu,
817 2698 873 2771 oo).
889 2699 929 2757 Ac
980 2697 1035 2756 Nos
1048 2708 1137 2756 autem
1148 2701 1297 2770 audiamus,
1310 2713 1337 2761 et
1348 2705 1526 2777 intelligamus
1539 2706 1592 2762 duo
1603 2707 1776 2764 Testamenta

130 2810 177 2867 per
189 2796 243 2851 boc
256 2795 309 2852 iste
320 2795 367 2867 qui
378 2795 547 2867 blasphemat
557 2793 705 2861 Abrabam,
718 2793 854 2852 Christum
865 2809 930 2866 pro·
981 2791 1008 2848 in
1022 2791 1128 2849 duobus
1146 2793 1210 2850 liliis
1224 2797 1358 2866 Abrabae,
1373 2797 1529 2869 duabusque
1542 2798 1699 2856 mulieribus
1717 2799 1776 2872 ejus

91 2903 98 2910 ·
130 2887 200 2946 lecto
208 2888 392 2961 blasphemat,
401 2889 449 2962 qui
458 2889 512 2946 tale
522 2887 702 2946 testimonium
712 2886 835 2960 perbibet
842 2885 929 2944 Abra·
980 2886 1169 2944 commixtione
1183 2887 1270 2945 letalis
1284 2908 1291 2945 ι
1306 2889 1377 2945 sicut
1386 2889 1453 2944 duos
1469 2890 1496 2944 in
1510 2905 1592 2947 carne
1605 2907 1657 2947 una
1670 2932 1678 2958 ,
1693 2889 1776 2948 Gbri·

130 2982 181 3040 52,
980 2984 1052 3032 stum
1066 2985 1094 3033 et
1105 2977 1264 3047 Ecclesiam,
1280 2981 1340 3038 istis
1354 2980 1515 3047 nolentibus,
1529 2981 1587 3038 sine
1600 2981 1653 3038 ulla
1668 2983 1775 3040 obscoe-

162 3075 209 3132 53.
227 3073 284 3132 Sed
297 3074 388 3144 dicat,
402 3074 427 3130 si
444 3081 551 3144 potest,
566 3088 646 3146 mam
659 3087 804 3147 perseum
821 3073 929 3131 iliarum
980 3069 1064 3126 nitate
1082 3072 1267 3142 cognoscimus
1290 3092 1297 3127 ι
1319 3075 1387 3130 sicut
1411 3073 1584 3130 mediatorem
1608 3075 1654 3131 liei
1674 3083 1702 3132 et
1721 3076 1770 3134 bo·

130 3167 248 3238 quinque
272 3167 382 3239 gerebat
400 3166 544 3236 Apostolus
563 3164 623 3238 (ci,
643 3180 705 3223 cum
718 3167 759 3223 sic
772 3165 930 3238 predicaret
980 3162 1083 3219 minum
1107 3162 1242 3220 bominem
1266 3164 1401 3221 Christum
1422 3165 1513 3220 iesum
1535 3165 1648 3237 (lTim.
1662 3182 1699 3235 n,
1714 3167 1775 3238 5),

131 3259 287 3314 Abrabam?
300 3259 329 3315 Si
348 3258 419 3314 enim
435 3259 535 3329 eisqui
549 3259 608 3316 sine
622 3258 694 3330 Lege
707 3258 823 3327 lucrant,
839 3257 929 3316 iactos
980 3271 1089 3314 carnem
1101 3273 1177 3314 suam
1190 3259 1269 3316 nobis
1284 3258 1495 3315 manducandum
1508 3258 1705 3331 bibendumque
1717 3274 1777 3316 san·

131 3364 185 3408 erat
205 3352 283 3424 quasi
299 3361 371 3409 esset
384 3351 481 3422 etipse
495 3351 555 3408 sine
569 3351 657 3422 Lege,
672 3351 712 3408 ilii
724 3350 861 3408 Abrabam
874 3363 929 3406 oon
980 3349 1089 3420 guinem
1104 3350 1212 3406 dantem
1226 3393 1233 3414 ‚
1249 3350 1322 3406 lideli
1336 3350 1418 3407 corde
1432 3358 1512 3420 atque
1525 3363 1572 3406 ore
1591 3350 1753 3421 suscipimus
1766 3367 1775 3418 ;

130 3452 270 3501 aoremnt.
283 3443 357 3514 Ergo
367 3443 483 3512 aliquem
494 3441 653 3513 principem,
665 3441 724 3498 siue
733 3441 927 3509 Romanorum,
980 3440 1102 3512 quamuis
1116 3439 1270 3498 horribilius
1283 3441 1404 3498 uideatur
1418 3441 1561 3498 humanam
1575 3455 1683 3498 carnem
1697 3457 1775 3498 man·
1830 3459 1834 3476 ·

129 3536 184 3592 siue
201 3535 374 3600 Graecorum,
393 3535 453 3591 siue
470 3535 587 3606 aliquem
600 3532 820 3605 pbilosophorum
834 3532 928 3591 debuit
980 3531 1080 3588 ducam
1090 3547 1170 3603 quam
1192 3533 1335 3604 perimere,
1346 3540 1375 3590 et
1394 3532 1539 3588 humanum
1558 3534 1714 3603 sanguinem
1725 3547 1777 3603 po·

130 3630 251 3686 inrcnire
265 3643 347 3700 queen
363 3626 461 3684 talibus
474 3628 651 3699 predicarem
668 3634 698 3682 ut
710 3628 771 3695 eis,
786 3627 855 3684 sicut
866 3626 929 3683 buic
981 3633 1039 3682 tare
1048 3640 1126 3696 quam
1142 3625 1254 3682 fundere
1266 3643 1273 3680 ι
1286 3633 1365 3697 atque
1384 3627 1412 3682 in
1436 3625 1561 3681 omnibus
1585 3625 1684 3681 sanctis
1703 3624 1777 3682 Seri·

129 3723 227 3794 placa,
243 3723 326 3778 talem
340 3736 371 3778 sc
382 3721 475 3791 quales
487 3720 539 3792 ipsi
551 3729 629 3778 eant
640 3719 783 3791 borgondo,
796 3735 929 3790 coagme-
980 3720 1234 3791 pturis,secundunr
1250 3733 1322 3776 sabee
1337 3718 1398 3776 bdei
1415 3718 1534 3790 regulam
1549 3718 1660 3790 ligurate
1672 3718 1776 3775 dictum

129 3823 191 3871 ret:
204 3828 260 3871 nen
280 3812 416 3870 Abrabam
435 3813 621 3884 nescioquem
637 3813 812 3884 alienigenam
824 3820 929 3883 patrem
954 3795 958 3804 ’
980 3813 1024 3869 rel
1038 3811 1137 3868 iactum
1151 3813 1175 3867 si
1189 3811 1253 3882 quid
1265 3811 1416 3882 exponitur,
1430 3809 1465 3866 dle
1477 3811 1640 3883 quibuslibet
1652 3809 1737 3868 rebus
1748 3819 1778 3867 et
1869 3855 1872 3865 .

129 3907 216 3976 gentis
236 3905 368 3971 llcbrate,
390 3905 469 3976 longe
486 3905 521 3962 ab
539 3919 633 3960 ιοιιιιι
652 3905 782 3969 moribus,
801 3904 880 3975 longe
893 3903 928 3960 ab
981 3904 1070 3961 uerbis
1084 3918 1144 3974 qnae
1162 3901 1246 3958 sacris
1264 3901 1367 3973 paginis
1380 3901 1569 3969 continentur,
1584 3900 1715 3971 expositio
1730 3901 1779 3958 illa

130 4013 226 4053 corum
245 3997 360 4063 ritibus,
381 3996 460 4067 longe
478 3995 512 4051 ab
530 4011 624 4052 eorum
642 3995 845 4067 cognationibus
863 3995 930 4051 alie·
981 3996 1111 4062 dumtur,
1128 4009 1181 4050 non
1197 4001 1388 4064 aspernanter,
1404 3991 1451 4048 sed
1466 3993 1601 4064 sapienter
1616 3992 1776 4061 audiamus;

130 4105 206 4145 num.
221 4087 250 4146 Si
265 4098 355 4146 autem
373 4087 474 4144 iudaeis
493 4096 619 4159 tanquam
632 4087 742 4144 dudaeus
754 4086 838 4142 iactus
850 4095 927 4153 erat,
980 4097 1009 4145 et
1019 4087 1202 4158 relinquamus
1214 4087 1294 4142 istum
1306 4086 1395 4142 inania
1408 4085 1580 4157 garrientem,
1592 4094 1620 4142 et
1628 4083 1774 4142 nesciendo

129 4193 178 4240 aut
190 4184 290 4255 eisqui
303 4181 355 4238 sub
367 4181 439 4254 Lege
452 4190 529 4238 erant
543 4189 668 4252 tanquam
683 4188 756 4238 essct
766 4189 795 4236 et
809 4179 867 4251 ipse
878 4179 930 4235 sub
980 4181 1045 4254 quid
1056 4182 1189 4252 loquatur,
1202 4179 1329 4251 quadam,
1341 4180 1364 4236 si
1374 4179 1426 4235 dici
1437 4186 1535 4250 potest,
1548 4179 1672 4250 imperita
1682 4177 1778 4250 peritia

129 4276 213 4346 Lege,
228 4275 322 4347 utquid
335 4274 441 4331 dicebat
453 4288 506 4330 oon
517 4287 579 4330 esse
591 4272 714 4330 heredes
726 4287 760 4328 cx
776 4271 866 4344 Lege?
880 4280 928 4328 ut·
981 4275 1015 4331 de
1029 4275 1173 4347 figurarum
1188 4271 1318 4345 qualitate
1333 4279 1501 4328 tractantem.
1515 4271 1565 4341 Qui
1579 4286 1640 4328 cunr
1654 4270 1718 4326 dicit
1731 4285 1778 4327 ro·

128 4368 195 4439 quid
208 4366 323 4434 dicebat,
336 4365 391 4422 Lea
402 4365 470 4420 bom
483 4359 623 4437 ope'rotmt
636 4365 729 4436 utquid
741 4363 857 4429 dicebat,
872 4363 928 4420 Lea
980 4368 1032 4424 bus
1052 4367 1177 4438 congruis
1196 4379 1250 4422 non
1271 4365 1410 4421 contrariis
1428 4365 1528 4436 aliquid
1545 4379 1606 4422 esse
1622 4363 1776 4446 signiticar-

128 4457 437 4530 proerorieationirqrutio
446 4457 529 4528 perito
537 4455 670 4527 esthuod
680 4470 757 4526 aequo
766 4455 858 4512 animo
868 4454 921 4511 ler-
981 4460 1056 4528 dum,
1071 4467 1159 4532 potest
1170 4473 1254 4516 uanus
1266 4458 1367 4524 dicere,
1382 4473 1488 4529 semper
1500 4459 1584 4515 Deum
1597 4457 1686 4515 lucido
1697 4472 1775 4527 auro,

128 4567 160 4604 rc
176 4564 230 4604 ooo
247 4556 358 4620 possem
375 4549 420 4620 qui
433 4547 614 4618 gloriabantur
627 4547 655 4603 in
668 4545 749 4616 laeso-
763 4545 841 4614 Quod
855 4546 878 4602 oi
893 4555 922 4602 ut
982 4566 1117 4622 nunqnam
1133 4551 1210 4623 nigro
1223 4558 1373 4607 atramento
1391 4550 1471 4606 scribi
1489 4558 1614 4621 oportere
1628 4563 1636 4603 ε
1650 4549 1776 4620 quoniam
1795 4535 1799 4570 ·“

127 4642 256 4698 infirmus
266 4640 426 4712 loquebatur
439 4639 563 4706 iubenis,
576 4639 656 4696 etsie
667 4653 735 4706 cos,
749 4647 779 4693 ut
792 4637 930 4694 fallacibus
981 4643 1052 4698 Deus
1061 4643 1106 4698 ius
1115 4652 1162 4710 est,
1174 4651 1197 4697 et
1208 4641 1314 4697 tenebrae
1323 4643 1348 4695 in
1358 4657 1387 4696 eo
1396 4640 1580 4697 nonrcntulloe
1589 4639 1695 4711 (lirun.
1704 4653 1713 4694 ι
1723 4639 1775 4707 ,op
1791 4641 1795 4660 ‘

126 4736 229 4806 placet,
244 4732 360 4790 tallendo
373 4731 498 4798 lactabat,
508 4746 615 4789 eureos
624 4732 658 4788 ab
668 4731 770 4789 umbris
780 4729 926 4801 rotenbus,
982 4737 1122 4794 Romaest
1134 4735 1215 4802 enim,
1230 4737 1275 4806 qui
1289 4743 1363 4806 putat
1375 4735 1531 4806 Apostolum
1544 4733 1565 4800 ¹,
1578 4741 1607 4788 ut
1616 4738 1779 4800 congrueret
1796 4801 1800 4810 ,

127 4828 155 4881 in
180 4826 276 4897 quibos
289 4824 387 4881 iobrmi
401 4823 595 4895 quiescebant,
611 4823 650 4880 sic
663 4823 838 4894 proturbabat
848 4823 880 4890 ¹,
896 4829 927 4877 ut
983 4819 1095 4878 inllrmis
1109 4829 1137 4878 et
1150 4817 1322 4890 imperfectis,
1339 4820 1421 4876 multa
1433 4819 1500 4875 lalsa
1511 4826 1539 4874 et
1550 4814 1724 4887 improbanda
1736 4813 1779 4870 di·
1795 4827 1802 4886 ¹,

126 4919 234 4975 diceret
248 4937 256 4972 :
269 4917 336 4973 Ecce
346 4934 392 4990 eqo
406 4915 506 4973 Ponitur
523 4917 581 4972 dico
593 4916 672 4982 bobia,
687 4917 747 4988 quio
759 4917 782 4970 si
796 4915 930 4970 ιιίιιιιιιιὶ·
982 4914 1071 4979 nisse,
1086 4912 1147 4982 quia
1160 4911 1318 4968 testimoniis
1330 4927 1391 4983 quae
1402 4910 1437 4967 de
1449 4909 1519 4981 Lege
1531 4923 1563 4964 sc
1575 4905 1717 4979 Prophetis
1728 4920 1778 4977 po·
1797 4897 1812 4970 't

126 5013 240 5079 damini,
256 5012 370 5068 conum
387 5011 457 5066 ociis
470 5009 535 5065 ciiii
554 5009 668 5081 proderit
687 5006 786 5081 (Galat.
800 5023 829 5076 r,
843 5005 887 5080 Til
900 5005 930 5063 Si
982 5006 1039 5070 nit,
1058 5018 1136 5075 quam
1153 5003 1340 5060 uenerabiliter
1357 5002 1507 5072 Scripturas
1525 4998 1586 5054 illas
1601 4997 1714 5068 accipiat
1729 5011 1779 5068 per

128 5122 224 5168 autem
240 5111 268 5166 in
281 5111 325 5165 ilia
343 5124 458 5182 persona
472 5109 565 5179 quinta
578 5106 703 5178 perlectis
714 5107 874 5179 sapientiam
886 5106 927 5163 lo·
981 5096 1115 5168 Eblswlis
1127 5095 1186 5167 eills
1198 5102 1318 5166 apparel·
1331 5094 1386 5150 Nec
1398 5092 1497 5164 cogitat
1509 5097 1563 5168 illm
1575 5103 1702 5160 bertollo
1714 5104 1778 5146 oon-

126 5206 282 5278 quebatnr,
302 5204 395 5276 quales
414 5203 487 5260 solos
507 5203 557 5258 iste
574 5200 671 5273 dignos
690 5206 767 5273 potat
787 5213 854 5271 quos
874 5214 930 5257 uon
981 5206 1013 5247 su
1027 5203 1106 5260 posse
1115 5187 1222 5246 delendi
1232 5189 1312 5246 etiam
1324 5187 1367 5242 illa
1378 5185 1474 5256 quaein
1484 5181 1620 5239 veteribus
1630 5181 1679 5240 bei
1688 5181 1778 5240 Libris

126 5300 206 5356 latmi
218 5298 379 5368 apostola„
390 5311 500 5368 quares
514 5296 648 5352 wernero
659 5294 716 5350 putu
726 5307 787 5350 esse
795 5294 853 5363 ipse
864 5307 929 5364 pqr.
983 5281 1137 5340 immundus
1150 5289 1230 5354 atque
1243 5280 1339 5352 impius
1352 5277 1429 5349 quasi
1442 5275 1502 5349 pius
1516 5283 1544 5332 et
1556 5273 1670 5334 mundus
1683 5274 1778 5332 borre-

124 5394 237 5460 lectos,
257 5401 287 5447 ut
306 5391 474 5461 blasphemet
487 5388 622 5445 Abrabam
634 5429 643 5455 ,
656 5401 736 5458 quern
749 5387 788 5440 sic
800 5384 930 5456 perlectis
1377 5395 1379 5401 ’

125 5484 224 5543 hudat
235 5483 413 5556 Apostolus¹,
425 5481 541 5538 maxime
553 5481 582 5537 in
594 5480 647 5536 iilis
659 5478 763 5536 duobus
775 5476 839 5532 liliis
850 5476 928 5547 ejus,
980 5503 1099 5564 belensis,
1118 5507 1145 5552 ct
1159 5499 1320 5558 mmmmm,
1336 5507 1412 5560 qm
1430 5493 1567 5568 cmm
1586 5496 1637 5547 m
1657 5506 1709 5547 m
1727 5495 1781 5560 w„

161 5603 171 5632 ¹
190 5600 250 5649 miti
259 5597 301 5648 bic
312 5597 413 5658 addunt,
423 5600 447 5646 et
457 5593 593 5660 apostolicis
598 5606 608 5656 ,·
629 5592 694 5657 quod
705 5603 720 5642 a
730 5590 857 5654 plerisque
874 5596 928 5640 otas.
980 5563 1105 5692 m&
1114 5559 1295 5688 {wilm
1302 5555 1511 5672 gmw
1519 5557 1781 5683 geremarum&

123 5664 436 5798 'bff'fflqqqum
456 5725 485 5768 Η
500 5725 565 5794 uss,
582 5713 930 5782 mmmmm
980 5687 1164 5804 &women
1179 5683 1308 5745 numm,
1326 5693 1398 5746 omn
1411 5681 1446 5734 oe
1465 5683 1598 5774 permina
1615 5677 1699 5731 neca
1715 5687 1779 5742 apo

123 5785 408 5897 fflff'ffufgssfflgss
416 5777 768 5907 fflssffim
782 5849 856 5903 wo,
870 5844 928 5892 ω,
984 5813 1137 5940 Δέωιιιοιιωιιὲ.
1147 5817 1236 5864 uns.
1249 5813 1277 5862 u
1287 5813 1325 5861 ur·
1337 5809 1436 5860 eston:
1454 5801 1626 5860 unimoda
1636 5801 1782 5868 montes

159 5905 392 5973 (opmpacqs
1123 5905 1130 5922 ·
1777 5894 1782 5912 ’
