4034 6334
123 293 192 400 iiio
724 335 769 394 on
790 330 1154 394 maurecenorum.
1383 338 1400 347 ·’
1465 332 1468 342 ·
1502 298 1596 402 ²225
1681 333 1754 395 iiio

123 465 183 525 apta
197 453 343 524 uideretur,
356 453 492 528 abjecerit.
507 453 610 512 llomm
619 453 672 512 duo
684 452 712 510 in
727 452 814 524 ipsum
826 452 908 509 totius
962 465 1043 510 carue
1053 451 1175 508 Cliristus
1187 449 1288 522 aliquid
1300 451 1410 522 patitur,
1422 464 1492 524 opus
1501 453 1688 514 ειειειίεεειε
1702 454 1754 512 sed

124 526 240 581 bominis
258 525 410 583 cremorem
429 525 577 598 blasphemi
595 526 706 596 spiritus
724 523 909 581 incredulitate
961 525 1024 606 quia
1036 524 1152 593 idipsum
1167 537 1215 578 sua
1228 531 1370 593 potestate,
1385 538 1438 578 non
1459 523 1513 579 allo
1524 532 1637 650 Ἃειιιε
1654 539 1753 598 perpe·

125 597 267 678 desipiunt.
289 597 355 653 Nam
390 598 476 668 primo
504 599 694 668 impotentem,
716 593 834 652 secundo
854 609 909 652 non
961 601 1039 663 titur,
1055 595 1111 665 ipse
1124 602 1270 650 auctorest
1283 595 1383 662 operis.
1396 593 1455 649 lion
1469 609 1533 665 ergo
1590 593 1753 652 Hamam‘lo·

125 683 242 723 ouuniuu
258 669 340 724 benni
356 668 537 726 crediderunt.
555 666 694 736 Quomodo
712 667 783 722 enirn
797 665 909 721 docetur
961 665 1013 720 eali
1027 673 1099 721 motu
1112 664 1237 720 diuinitus
1248 665 1331 731 venit,
1346 664 1394 721 sed
1409 663 1537 720 liied'abili
1558 666 1684 734 potentiae
1696 680 1753 724 soie

125 739 317 810 ommipotens,
333 739 355 794 si
369 755 462 794 curare
481 754 533 794 non
554 739 639 810 potuit
657 735 842 808 desperatam?
856 736 910 790 lliit
961 735 1176 792 manifestatione
1188 745 1216 792 et
1225 744 1331 792 uternm
1345 737 1439 791 matris
1449 735 1599 806 gignendus
1612 736 1751 806 implerit:
1811 783 1818 794 .

123 809 257 880 quomodo
277 811 395 866 oninium
418 811 508 876 bens,
524 808 548 864 si
566 823 620 864 nou
639 808 696 878 ipse
717 805 780 866 lecit
793 807 908 864 animam
961 814 989 862 et
1002 805 1074 889 quod
1088 814 1173 861 totum
1187 805 1441 863 estmmauuemae
1453 804 1619 876 plenitudine
1630 821 1684 863 nou
1697 807 1753 877 pri·

125 879 263 936 nostram?
276 880 383 936 Duobus
399 895 461 937 uero
474 880 543 949 aliis,
554 895 608 935 uuo
622 881 717 934 anima·
728 891 807 932 causa
820 877 907 932 nesei-
961 885 1042 932 rasit.
1064 875 1122 932 Non
1140 875 1242 933 dimisit
1255 885 1357 948 patrem
1379 891 1440 932 eum
1460 877 1534 932 venit
1551 876 1585 932 sd
1605 878 1753 949 virginem,

125 959 177 1016 tur,
201 951 284 1007 altero
307 952 431 1006 meritum
453 966 507 1006 noii
527 949 666 1006 metitur¹.
688 949 739 1004 but
760 947 909 1017 intelligere
961 946 1060 1018 ubique
1073 957 1155 1014 totus,
1176 947 1274 1030 ubique
1288 946 1429 1018 perlectus,
1452 947 1513 1018 (pila
1528 947 1750 1004 uecdlrisionem

124 1037 231 1077 cunisam
245 1021 376 1091 putandus
388 1029 429 1076 εει
440 1021 546 1088 animae,
557 1020 602 1104 qui
614 1017 717 1076 samad
729 1017 908 1088 decipiendam
961 1018 1112 1087 incorporet
1126 1017 1282 1088 simplicitas
1294 1016 1399 1090 recipit,
1414 1018 1536 1088 etpartis
1547 1033 1646 1074 nomen
1665 1019 1754 1089 pleni·

123 1091 221 1162 legero,
237 1092 327 1149 liabitu
340 1091 427 1147 insitae
443 1091 554 1147 rationis
570 1099 745 1154 instructam,
766 1103 781 1142 a
799 1096 908 1159 peccato
962 1088 1026 1145 tudo
1040 1103 1094 1144 nou
1107 1088 1190 1144 nouit.
1210 1089 1274 1142 Erat
1287 1103 1352 1159 ergo
1364 1098 1506 1159 uuoatque
1522 1089 1616 1146 εοιειιι
1629 1097 1752 1159 tempore

124 1162 282 1218 voluntariae
295 1162 514 1233 traiisgressiouis
528 1161 622 1217 nititur
634 1158 771 1230 separaret
782 1159 907 1227 Autono-
961 1159 1019 1228 ipse
1028 1159 1187 1215 totusetiam
1199 1157 1225 1214 iii
1237 1157 1354 1226 inferno,
1367 1165 1438 1214 totus
1447 1159 1552 1216 iiicmlo
1562 1175 1570 1214 a
1580 1160 1635 1215 illie
1681 1161 1751 1218 tiens

124 1231 206 1288 modo
219 1233 277 1302 eius
288 1233 491 1303 generositatem
505 1233 588 1298 novit,
601 1232 646 1302 uui
661 1228 832 1302 ignobilitatis
845 1229 909 1284 vitio
962 1228 1084 1300 injuriam
1094 1230 1192 1295 carnis,
1216 1229 1260 1283 bie
1270 1243 1325 1284 non
1344 1229 1498 1302 rdinumns
1508 1228 1619 1301 pulum
1651 1231 1750 1286 citatis.

122 1302 188 1359 dicit
202 1316 261 1358 esse
273 1300 443 1374 despectam,
457 1303 565 1372 praelata
577 1316 671 1368 earne,
686 1315 766 1371 quain
778 1314 831 1355 non
845 1298 910 1354 llatu
961 1299 1026 1356 Erat
1039 1299 1108 1370 apud
1122 1297 1222 1356 interos
1236 1300 1397 1356 resurrectio
1411 1311 1587 1367 mortuorum,
1599 1308 1658 1357 erat
1668 1315 1752 1372 super

122 1372 170 1429 Ilei
185 1374 253 1428 sicut
264 1375 390 1441 animam,
403 1373 450 1430 sed
462 1389 477 1428 ε
491 1374 555 1427 liiiio
568 1380 645 1428 terrie
657 1379 763 1428 constat
776 1384 837 1426 esse
848 1371 906 1441 pla·
961 1370 1045 1427 uoelos
1059 1371 1111 1426 rita
1126 1369 1281 1426 uiuentium.
1295 1367 1366 1426 Vere
1384 1382 1515 1437 mortuns,
1529 1386 1593 1428 sere
1610 1373 1686 1427 uirus
1699 1388 1707 1426 a
1722 1372 1750 1428 iu

122 1444 256 1499 sniataml
269 1443 299 1500 Si
313 1452 400 1500 autern
416 1443 480 1498 uiliil
495 1445 588 1498 borum
602 1442 637 1498 de
656 1442 743 1497 anima
757 1449 831 1497 reete
848 1455 910 1496 sen·
960 1455 1016 1510 uuo
1031 1448 1060 1496 et
1077 1451 1190 1497 mortem
1203 1441 1339 1511 susceptio
1352 1442 1520 1496 mortalitatis
1533 1442 1648 1526 excepit,
1666 1452 1694 1497 et
1708 1443 1750 1497 ri·

123 1515 199 1581 titur,
212 1514 351 1570 credamus
363 1515 423 1584 quia
438 1513 554 1584 suscepit
568 1513 843 1582 Redemptormoster
861 1511 911 1566 bo-
963 1520 1017 1566 tam
1033 1510 1157 1566 diviuitas
1175 1521 1281 1567 senata
1304 1526 1357 1566 nori
1378 1513 1504 1582 perdidit.
1526 1512 1751 1584 Quotiescumque

122 1585 224 1640 minem
243 1592 347 1653 totum,
362 1600 397 1641 ne
415 1585 573 1642 intercidere
587 1583 701 1654 quodam
722 1581 910 1638 moduauimae
1009 1580 1097 1638 obsec
1110 1596 1170 1652 puae
1180 1597 1196 1637 a
1207 1578 1314 1636 Cbristo
1325 1583 1459 1639 humiliter
1471 1593 1533 1638 sunt
1547 1583 1668 1650 tolerata,
1681 1597 1749 1639 eori-

122 1665 223 1712 uostrae
240 1655 380 1712 uideamur
394 1654 551 1712 beiiellelum
565 1655 765 1725 sempiternum.
778 1650 911 1732 Priibdo·
961 1653 1104 1717 siccasi
1139 1667 1183 1708 um
1203 1661 1338 1708 auctorem
1353 1653 1507 1707 voluntariae
1519 1655 1651 1736 posidonio
1664 1668 1751 1738 sgnu-

122 1725 179 1782 lor!
191 1739 316 1794 curnem,
330 1726 429 1797 inquit,
445 1726 529 1780 solam
543 1724 663 1780 cbristus
676 1730 839 1793 assumpsit,
853 1721 909 1778 ani·
961 1736 1032 1778 scas.
1046 1722 1056 1777 l
1115 1729 1153 1790 et,
1166 1721 1265 1778 utdum
1273 1720 1409 1778 humilitas
1418 1723 1538 1794 patients,
1548 1723 1654 1780 lacieuti
1666 1732 1751 1780 uirtus

123 1810 196 1852 main
209 1811 262 1853 non
282 1795 412 1867 quaesiuit.
426 1795 476 1852 llic
486 1797 509 1852 si
522 1795 650 1866 originem
663 1794 801 1864 utriusque
812 1806 911 1863 guarus
962 1792 1120 1859 ascribitur;
1135 1792 1205 1848 idem
1217 1793 1339 1848 cbristus
1357 1808 1411 1849 nuo
1425 1805 1505 1865 atque
1520 1792 1616 1850 eodem
1630 1803 1753 1864 tempure

122 1881 213 1922 reruni
228 1867 421 1938 contemplator
440 1866 578 1932 attendas,
594 1863 734 1936 pretiosior
755 1871 796 1920 est
814 1863 910 1920 animm
961 1877 1024 1919 cnm
1037 1864 1135 1934 patitur
1148 1862 1280 1930 indimus,
1290 1878 1351 1918 cum
1360 1863 1423 1920 lacit
1432 1865 1602 1935 omnipotens
1611 1863 1750 1920 doeemur.

123 1938 271 1994 substantia
285 1954 293 1994 ι
307 1939 329 1994 εἰ
342 1937 561 2008 transgressionis
573 1937 695 2008 culpam,
709 1950 757 2006 pro
777 1943 817 1990 ter
830 1932 910 1990 intel·
962 1932 1017 1990 Sed
1029 1949 1063 1988 ne
1074 1931 1162 1988 adbuc
1173 1935 1201 1988 in
1215 1942 1302 1989 morte
1315 1933 1375 1989 Filii
1390 1934 1437 1989 bei
1456 1934 1570 2004 aliquam
1588 1935 1752 1992 insonabili-

123 2006 277 2079 ligentiam,
291 2009 367 2080 pejor
385 2018 428 2065 εει
449 2023 540 2065 eausa.
554 2008 609 2091 Ego
631 2014 720 2063 autem
737 2005 758 2060 G
777 2004 871 2060 rislum
883 2010 911 2070 ει
962 2011 1044 2060 utem
1058 2018 1108 2058 nos
1121 2001 1236 2060 credam
1245 2003 1379 2074 accipere,
1388 2003 1567 2074 importunum
1577 2014 1681 2060 uonmt

144 2078 273 2136 orlectnm
286 2079 415 2150 sapientia
429 2080 502 2142 scio,
516 2085 543 2134 et
554 2077 703 2148 piissimum
715 2089 775 2130 esse
790 2089 844 2129 non
858 2073 910 2130 du·
962 2073 1097 2129 demente
1108 2087 1187 2129 seusa
1202 2073 1256 2130 sirit
1270 2074 1431 2146 investigare
1451 2093 1459 2130 i
1479 2076 1506 2130 in
1527 2088 1579 2144 uua
1598 2075 1656 2129 sine
1669 2074 1705 2130 du
1723 2075 1752 2130 io

122 2091 199 2216 gito,
215 2165 328 2222 quorum
341 2151 427 2220 primo
439 2149 575 2204 meliorem
588 2156 616 2204 et
629 2147 775 2217 prudentie
786 2157 910 2214 capacem
963 2142 1083 2200 destituit
1093 2158 1200 2214 eorpus,
1214 2144 1269 2200 sita
1281 2153 1371 2200 nostra
1382 2159 1437 2200 riori
1451 2144 1529 2215 periit
1541 2145 1569 2209 ’ς
1584 2144 1648 2200 dum
1662 2142 1750 2200 disco-

124 2233 180 2275 uon
194 2220 325 2291 despexit,
341 2219 457 2276 secundo
470 2233 529 2273 eain
543 2232 603 2287 quae
615 2216 699 2286 magis
719 2212 805 2270 liierat
815 2213 910 2270 suine-
962 2212 1030 2270 dens
1045 2214 1134 2270 anima
1147 2229 1201 2270 non
1214 2215 1268 2270 sim
1281 2229 1357 2270 suarii
1370 2214 1466 2284 perdit,
1485 2214 1533 2272 sed
1545 2213 1617 2286 quod
1635 2214 1754 2270 virides·

123 2297 183 2344 rata
197 2290 324 2360 suscepit.
333 2287 426 2359 Neque
436 2287 506 2344 enini
520 2295 565 2342 aut
578 2285 715 2358 sapientiae
727 2283 862 2352 murenis,
876 2281 911 2340 de
963 2292 1038 2342 serat
1052 2286 1103 2340 lioe
1113 2283 1232 2351 dimittit,
1244 2294 1273 2342 et
1283 2285 1448 2357 quantumin
1459 2299 1489 2341 se
1500 2285 1670 2351 est,alterius
1680 2299 1754 2341 mor·

124 2358 230 2414 duobus
248 2374 324 2442 acque
344 2358 399 2413 suis
419 2357 661 2426 insipientissimam
679 2355 853 2424 plusaiuare3
866 2362 913 2410 aut
962 2361 1018 2410 tem
1031 2355 1103 2424 lacit,
1123 2356 1180 2425 ipsa
1192 2371 1246 2412 non
1260 2356 1364 2425 recipit.
1379 2356 1464 2423 Facit,
1484 2355 1603 2425 iuquam,
1616 2371 1670 2410 nori
1684 2353 1753 2410 visi·

122 2428 249 2498 perseum
261 2429 363 2495 pietati,
374 2442 417 2482 ma
437 2429 458 2482 is
469 2427 629 2499 indigentem
639 2440 692 2480 non
702 2425 811 2496 juvisse.
963 2425 1068 2481 licando
1077 2427 1148 2497 quod
1160 2427 1269 2488 desem.
1278 2442 1331 2481 noii
1341 2426 1488 2483 amittendo
1497 2427 1568 2496 guod
1578 2426 1650 2481 risit.
1661 2427 1753 2496 ltaque

160 2495 272 2556 CAPUT
289 2497 359 2554 ltlv.
372 2527 407 2539 -
418 2443 485 2554 Fui..
499 2496 593 2558 Omnia
605 2495 712 2567 quidem
721 2509 807 2566 quaea
822 2504 848 2552 te
857 2509 912 2554 nou
962 2493 1081 2552 bominis
1091 2512 1165 2553 mors
1183 2496 1250 2553 nibil
1261 2496 1333 2553 allud
1346 2513 1426 2568 quam
1435 2497 1526 2553 camis
1536 2511 1649 2553 occasus
1660 2505 1702 2553 est
1717 2510 1752 2551 :a

122 2567 316 2626 rationabiliter
329 2576 440 2634 tantum,
454 2567 502 2624 sed
516 2567 596 2622 etiam
610 2567 740 2623 ueraciter
752 2564 824 2622 dicta
837 2573 910 2634 sunt,
963 2581 1017 2638 qua
1029 2582 1090 2624 cuin
1104 2568 1145 2624 uls
1163 2568 1289 2638 potentias
1301 2568 1458 2624 riuibenntis
1472 2567 1640 2635 ειεεεειειίι,
1654 2567 1681 2622 iii
1696 2575 1753 2622 ter·

122 2646 152 2697 ct
166 2637 329 2696 intellexisse
339 2641 416 2696 mein
425 2638 636 2710 precedentibus
645 2635 739 2704 lateor,
751 2636 912 2708 etprobasse
962 2652 1021 2694 ram
1034 2637 1132 2708 denua
1149 2649 1254 2708 sumpta
1277 2647 1328 2706 est,
1351 2638 1456 2694 amissis
1482 2651 1551 2710 quoa
1573 2652 1627 2693 nou
1651 2653 1700 2720 per
1721 2652 1753 2692 se

122 2722 178 2764 nou
192 2725 260 2783 nego
274 2727 281 2764 :
293 2709 391 2768 Cbristi
403 2720 492 2766 autem
504 2708 629 2765 diuinitas
641 2722 694 2780 quo
705 2715 783 2777 paeto
795 2716 910 2763 mortem
963 2705 1050 2778 ipsam
1064 2708 1156 2765 habuit
1172 2710 1294 2766 sensibus
1306 2709 1386 2765 redit.
1400 2709 1481 2779 atqui
1492 2708 1636 2775 contraria,
1651 2707 1750 2779 iugum,

121 2779 242 2837 sensisse
255 2779 368 2849 dicutur,
391 2781 493 2852 ignoro.
521 2779 559 2835 lle
576 2793 630 2850 quo
642 2787 732 2835 utrum
753 2788 782 2834 tu
800 2777 913 2834 obscure
964 2778 1027 2834 ritas
1044 2794 1117 2835 mors
1136 2789 1186 2836 εει.
1202 2779 1318 2836 Fateor:
1332 2780 1380 2836 sed
1398 2795 1452 2835 non
1467 2794 1500 2834 er
1513 2794 1547 2834 eo
1564 2791 1663 2847 genere
1683 2792 1752 2834 eon·

122 2849 223 2920 aliquid
237 2848 345 2920 dixeris,
359 2865 393 2906 au
412 2865 461 2923 ego
474 2847 637 2908 sufficienter
656 2847 727 2904 dicta
744 2847 843 2919 iiigeuii
859 2855 913 2904 tar-
964 2851 1116 2915 trariorum,
1140 2865 1200 2921 quae
1215 2850 1354 2906 existentis
1373 2849 1528 2907 substantiae
1540 2848 1709 2920 oppositione
1722 2862 1753 2904 se

122 2918 206 2977 ditate
217 2923 322 2992 assequi
336 2937 389 2978 nou
400 2921 542 2992 potuerim,
554 2917 692 2978 nescimll
727 2919 913 2976 ueenimcre-
964 2919 1116 2990 perimunt3
1129 2922 1218 2977 sodex
1231 2935 1324 2976 eorum
1337 2919 1570 2992 potiusquaeduns
1584 2918 1692 2975 cuilibet
1703 2932 1752 2974 ac·

122 2989 373 3063 dereausim,uuod
386 2991 667 3074 luusilleiiitae,aquo
681 2990 714 3044 ba
750 2989 912 3046 ntuuiiiersa
964 2989 1065 3059 cidunt,
1079 2991 1160 3047 simul
1180 2992 1287 3061 quidem
1309 3005 1443 3047 essenon
1468 2998 1589 3060 possunt,
1611 2987 1660 3045 sed
1673 2988 1753 3044 unius

122 3059 195 3132 quod
216 3063 317 3128 visunt,
342 3062 527 3134 pertriduum
549 3075 603 3132 quo
623 3077 650 3116 in
671 3059 793 3130 sepulcro
814 3073 913 3130 corpus
964 3067 1069 3118 tantum
1090 3062 1245 3119 substantie
1267 3061 1358 3118 babitu
1376 3076 1408 3118 ac
1429 3061 1577 3133 priuatione
1595 3065 1750 3142 gignuntur.

120 3129 215 3202 jacuit,
231 3147 247 3188 ιι
281 3148 315 3190 ue
325 3148 388 3190 eoa
410 3141 511 3189 nature
530 3147 587 3188 suas
601 3131 762 3202 proprietate
775 3128 911 3196 deciderit,
964 3129 1050 3198 Sicut,
1065 3132 1142 3189 uerbi
1158 3135 1254 3205 gratia,
1272 3141 1377 3188 noctem
1393 3131 1521 3189 docemus
1534 3145 1567 3186 ac
1579 3130 1650 3186 dicus
1665 3147 1674 3186 a
1690 3144 1753 3185 nam

122 3210 153 3257 ut
165 3203 188 3257 si
202 3201 254 3259 dici
278 3219 306 3259 as
317 3213 369 3273 est,
383 3205 491 3276 sepultis
505 3202 629 3260 sensibus
638 3216 745 3258 omnem
756 3200 913 3257 substantioe
964 3210 993 3258 et
1005 3201 1064 3259 baec
1076 3203 1196 3274 ejusdem
1209 3204 1315 3276 generis
1326 3203 1525 3260 docenturesse
1534 3200 1677 3267 curuans,
1688 3214 1752 3256 euin

121 3272 212 3329 uitalis
234 3283 335 3330 motum
352 3275 486 3330 amitteret
501 3275 523 3342 ¹,
538 3281 565 3329 et
580 3281 687 3344 propter
702 3270 914 3342 redemptionem
963 3288 1018 3329 non
1030 3275 1178 3347 utriunque,
1201 3274 1249 3331 sed
1271 3275 1349 3330 unius
1366 3281 1470 3329 tanatum
1482 3273 1604 3328 rideatur
1614 3285 1675 3326 esse
1687 3270 1750 3326 snb-

122 3339 232 3398 bumani
243 3345 349 3417 generis
362 3361 414 3400 noir
428 3346 532 3400 Patrem
543 3352 654 3411 tantum,
664 3341 847 3400 sedetomnia
859 3339 915 3412 spl-
964 3345 1071 3400 stnntia.
1095 3345 1165 3400 Eece
1186 3345 1258 3401 enim
1275 3345 1346 3401 diem
1367 3343 1479 3399 dicimus
1491 3356 1562 3408 esse,
1580 3356 1643 3398 cuin
1655 3341 1698 3422 sol
1710 3347 1754 3396 est

121 3412 227 3470 ritualia
257 3415 329 3472 luriae
341 3428 498 3472 ornamenta
512 3414 656 3472 desereret.
965 3427 1045 3484 super
1056 3423 1156 3471 terram
1167 3415 1268 3471 :solem
1280 3423 1370 3470 autem
1380 3420 1486 3470 constat
1495 3425 1555 3468 esse
1565 3410 1751 3468 substantians.

158 3485 228 3542 Aue.
239 3431 280 3557 ἴα)
304 3487 389 3553 Absit,
412 3486 481 3542 absit
500 3500 515 3540 a
537 3484 660 3540 fidelibus
676 3483 727 3540 ista
744 3481 869 3553 suspicio,
885 3489 915 3540 ut
965 3483 1015 3540 llic
1027 3500 1099 3552 cum,
1122 3493 1231 3556 peraeto
1244 3485 1332 3540 diurni
1345 3483 1474 3554 temporis
1484 3496 1576 3549 cursu,
1589 3481 1625 3536 ab
1643 3479 1753 3536 bomani

121 3553 163 3611 sic
176 3554 298 3612 Christus
310 3557 426 3612 senserit
439 3564 552 3611 mortem
565 3565 696 3622 nostrum,
711 3561 740 3609 ut
748 3561 876 3624 quantum
886 3551 913 3608 in
965 3555 1039 3612 risus
1059 3556 1283 3628 contemplatione
1293 3555 1456 3618 dbuesserit,
1470 3561 1577 3609 noctem
1590 3549 1754 3606 discedendo

122 3639 153 3680 se
166 3635 218 3692 est,
232 3627 284 3682 rita
300 3627 422 3697 perderet
434 3627 526 3681 vitani.
537 3624 602 3680 Nam
617 3626 639 3680 si
650 3625 701 3680 boe
710 3625 745 3680 ita
753 3631 835 3688 esset,
845 3637 914 3694 quo·
965 3640 1029 3682 mox
1042 3625 1115 3682 lacit.
1128 3625 1211 3692 Facit,
1226 3625 1343 3696 inquam,
1356 3623 1538 3681 sumrabeudo
1555 3621 1659 3692 copiam
1672 3619 1754 3676 luml-

122 3697 208 3753 inodo
222 3696 267 3752 illo
282 3697 368 3753 triduo
382 3697 500 3780 potuisse
517 3696 631 3752 dicimus
652 3693 749 3766 aliquid
768 3693 868 3761 virere,
890 3693 914 3751 si
966 3695 1019 3763 nis,
1031 3712 1085 3753 non
1095 3697 1124 3753 iu
1142 3713 1172 3753 se
1184 3695 1338 3766 recipiendo
1355 3695 1528 3751 substantiam
1549 3691 1646 3748 noctis.
1661 3691 1755 3761 ltauuo

123 3765 187 3820 vitm
203 3767 302 3822 iontem
323 3767 456 3823 credimus
470 3767 591 3822 aruisset
605 3764 693 3822 Sensit
706 3765 786 3835 igitur
798 3772 914 3820 niortem
965 3783 1019 3823 nna
1029 3769 1095 3825 lucis
1108 3768 1255 3824 substantia
1267 3776 1295 3822 et
1306 3775 1410 3822 noctem
1423 3762 1752 3828 lacereuideturetdiem,

122 3834 249 3894 diuinitas
258 3837 368 3906 Cliristi,
382 3837 581 3908 participatione
592 3834 700 3892 buniani
712 3833 822 3890 allectus
835 3849 915 3904 quem
966 3839 1013 3893 sed
1025 3854 1080 3895 non
1092 3853 1145 3894 uno
1158 3838 1248 3894 niodo.
1261 3837 1329 3893 Nam
1341 3835 1412 3892 diem
1422 3850 1483 3892 cuin
1496 3834 1577 3899 uenit,
1592 3842 1699 3889 noctem
1712 3830 1754 3888 el·

121 3916 222 3976 sponte
235 3923 282 3964 sua
306 3917 473 3980 susceperat,
496 3923 548 3963 non
569 3915 671 3962 naturae
692 3919 747 3961 sua
769 3905 915 3976 potentiani
966 3907 1022 3964 lleit
1038 3925 1101 3965 cum
1114 3909 1226 3966 recedit.
1242 3907 1320 3965 Unde
1335 3916 1363 3963 et
1380 3904 1587 3962 lianicbuorum
1599 3918 1653 3960 non
1665 3901 1755 3959 irreli-

123 3978 251 4048 perdidit,
272 3993 320 4048 per
333 3995 411 4050 quain
426 3988 520 4034 cuncti
537 3977 664 4034 uirilicat.
685 3975 729 4032 Sic
745 3976 774 4031 in
792 3975 915 4058 sepulcro
985 3981 1067 4035 iosam
1081 3987 1194 4048 mutum,
1208 3978 1393 4034 verumetiam
1405 3977 1513 4033 stultam
1524 3974 1755 4044 divisionemque

122 4063 234 4105 eiriiem
261 4065 335 4106 suani
358 4048 558 4106 commoriendo
578 4063 631 4104 non
653 4046 779 4112 deseruit,
801 4054 870 4101 sicut
887 4061 915 4102 in
1003 4066 1038 4106 na
1061 4065 1076 4104 a
1098 4051 1186 4116 malis,
1210 4063 1286 4120 aque
1305 4048 1470 4104 ementibus
1491 4045 1611 4102 nituntur
1629 4057 1757 4115 separare

122 4127 203 4175 utero
215 4119 324 4190 uirginis
333 4119 517 4177 connascendo
530 4118 654 4174 lorniarit
665 4135 670 4170 :
680 4126 707 4174 et
719 4117 757 4172 sie
767 4117 794 4171 iii
804 4126 916 4187 utroque
967 4120 1132 4188 substantiis,
1146 4121 1303 4192 plerumque
1313 4117 1499 4175 contundimus
1510 4134 1518 4170 ε
1531 4115 1704 4173 ostendentes
1715 4113 1757 4170 eis

122 4198 151 4245 ει
164 4191 241 4246 nasci
255 4198 283 4246 ει
302 4193 381 4258 mori,
394 4206 448 4246 non
461 4197 568 4248 coactus
586 4188 620 4244 ab
642 4189 736 4252 altero,
752 4185 799 4242 sed
821 4195 916 4256 sponte
967 4191 1099 4247 luminare
1112 4193 1208 4262 majus,
1220 4205 1273 4262 quo
1286 4189 1344 4246 lieri
1357 4189 1480 4244 nouimus
1490 4187 1561 4242 diem
1571 4202 1579 4252 ;
1591 4193 1619 4242 et
1629 4193 1756 4256 cogentes

122 4259 256 4317 Dominus
268 4262 360 4328 soluit,
377 4269 405 4317 ut
418 4261 470 4317 boe
488 4276 551 4318 eum
571 4266 675 4316 constet
689 4257 829 4328 pertulisse
845 4256 916 4327 quod
967 4269 997 4318 ut
1008 4271 1036 4319 et
1052 4263 1102 4333 ipsi
1120 4262 1243 4318 similiter
1254 4274 1304 4316 nos
1316 4259 1453 4326 docerent,
1464 4257 1536 4328 quod
1548 4265 1630 4319 esset,
1643 4257 1667 4311 si
1683 4255 1757 4335 dictu

123 4330 189 4387 lecit
203 4349 211 4386 :
223 4345 273 4387 nec
286 4332 346 4388 ideo
358 4347 411 4388 uon
424 4332 578 4401 patientem,
589 4327 855 4398 uuiaipselaeiebut3
866 4341 916 4383 nec
968 4332 1008 4388 las
1021 4341 1073 4398 est,
1094 4333 1231 4388 tenebrale
1254 4330 1339 4401 majus
1354 4331 1377 4398 ¹,
1396 4343 1451 4399 quo
1469 4325 1677 4384 substantialiter
1696 4323 1759 4380 ilers

123 4401 188 4458 ideo
202 4417 256 4458 noii
269 4401 409 4458 lanicutem
430 4403 492 4472 quia
511 4417 564 4457 nou
578 4401 644 4457 alius
659 4399 799 4454 tolerabat.
813 4397 879 4454 Natu
893 4397 916 4453 si
968 4405 1137 4460 crederemus
1147 4413 1174 4458 es
1183 4411 1298 4458 sinerem.
1311 4399 1365 4456 Sed
1376 4398 1410 4455 de
1421 4399 1463 4453 bis
1476 4397 1553 4460 alias,
1565 4396 1611 4466 qui
1625 4409 1674 4479 per
1686 4393 1757 4450 stul·

123 4470 267 4528 dominicas
288 4472 477 4528 iiieamatiouis
496 4471 651 4543 mysterium
677 4469 749 4525 salua
774 4467 917 4524 indiuiduis
969 4475 1054 4531 tinam
1073 4471 1219 4542 blasphemi
1234 4469 1375 4542 dogmatis,
1396 4476 1443 4525 aut
1460 4483 1509 4539 pro
1522 4466 1690 4524 exswuubttu
1702 4478 1759 4520 non

123 4541 265 4600 Trinitatis
283 4543 469 4614 cooperatione
489 4541 653 4607 consideres,
673 4539 743 4596 idem
757 4539 808 4595 sibi
826 4539 853 4594 in
866 4540 917 4593 liae
968 4544 1110 4610 exeuntia,
1122 4551 1169 4598 aut
1191 4557 1239 4612 pro
1260 4539 1447 4612 principalibus
1461 4546 1628 4604 ἐοιιεεεειε,
1648 4546 1696 4593 aut
1709 4548 1759 4618 pro

123 4610 277 4670 bumilitate
288 4624 381 4669 auctor
395 4622 421 4670 et
432 4628 500 4683 opus
511 4620 551 4668 est
563 4629 570 4666 a
580 4611 759 4677 idemauotor,
768 4609 813 4680 qui
822 4615 917 4677 sponte
969 4615 1111 4672 contrariis
1123 4613 1246 4669 uidentur
1256 4611 1391 4668 alllrmare
1400 4609 1563 4665 eommunia.
1577 4609 1642 4673 Qum
1657 4606 1680 4662 si
1697 4618 1758 4675 puts

123 4684 286 4753 nascitur,s
323 4685 496 4755 utepatitui;
518 4683 590 4739 idem
606 4682 760 4752 opuscula
775 4689 918 4749 utrumque
969 4685 1031 4742 linei
1057 4684 1142 4741 oeulis
1163 4697 1217 4740 nori
1239 4681 1359 4752 priuatus
1378 4681 1537 4745 excusserit,
1558 4691 1652 4735 omnes
1665 4689 1761 4732 eorum

123 4753 190 4810 licet
205 4755 323 4810 norisio
342 4763 464 4825 cogente,
485 4753 557 4810 solus
579 4761 668 4809 umen
682 4751 740 4822 ipse
758 4750 915 4820 perpetitur.
969 4757 1107 4812 machinas
1130 4751 1199 4810 lamii
1224 4753 1326 4809 rasione
1345 4749 1529 4808 conluudit.E
1560 4763 1593 4813 o,
1618 4754 1648 4803 ut
1669 4745 1761 4828 dicero

122 4823 202 4881 Fecit
215 4838 323 4880 carnem
333 4827 361 4880 iu
374 4833 451 4881 utero
469 4823 580 4891 inanis3
604 4822 688 4877 babes
700 4829 836 4877 auctorem
851 4833 917 4892 ope·
969 4840 1146 4896 coeperamus,
1162 4826 1250 4880 anima
1263 4838 1316 4879 non
1335 4822 1413 4879 aliter
1423 4837 1502 4890 uuam
1517 4833 1547 4875 so
1568 4817 1650 4872 vllam
1668 4815 1761 4871 tributi

123 4897 162 4950 ris
177 4911 184 4945 ι
201 4895 297 4962 ipsein
313 4895 362 4950 bae
382 4895 454 4951 nasei
475 4894 598 4964 dignatus
611 4901 669 4960 est;
689 4891 772 4948 babes
786 4905 853 4962 opus
871 4904 919 4944 au·
969 4899 1114 4954 wenricum
1131 4896 1241 4962 ueneris,
1255 4902 1368 4950 mortem
1378 4891 1460 4949 allicit
1472 4904 1533 4945 cum
1548 4886 1658 4944 recedit.
1674 4885 1761 4954 Quam

122 4964 228 5020 cteris:
244 4977 294 5018 una
309 4975 395 5018 tamen
410 4979 524 5034 persona
538 4972 590 5029 est,
606 4965 678 5018 salua
698 4963 769 5018 utriu
803 4977 836 5016 ue
856 4975 918 5032 pro·
970 4983 1005 5024 ue
1019 4968 1079 5039 uuis
1091 4975 1167 5036 putet
1178 4966 1298 5035 corporis
1308 4971 1394 5020 morte
1403 4960 1534 5023 consumi,
1548 4958 1641 5014 audiat
1649 4953 1714 5026 quid
1726 4953 1761 5010 do

124 5038 242 5107 brietii&
257 5033 421 5100 subsfflssliffi.
444 5043 470 5089 et
490 5035 605 5089 auctoris
620 5043 647 5087 et
668 5033 767 5103 Operis·
811 5033 835 5087 ic
855 5045 918 5100 etss⁰
971 5040 1023 5094 boc
1037 5038 1166 5094 boniiuus
1183 5037 1210 5093 iu
1229 5034 1378 5106 Evangeliis
1396 5029 1513 5101 generali
1526 5028 1684 5086 anactoritate
1696 5024 1763 5082 dell-

124 5113 248 5162 mortuiis
263 5115 303 5160 est
318 5120 370 5160 non
383 5105 536 5159 discedente
547 5105 611 5170 uita,
625 5104 693 5158 sicut
707 5117 801 5172 passus
814 5111 918 5157 estnon
970 5110 1028 5165 nias
1044 5127 1051 5164 :
1068 5107 1173 5176 Nolite,
1188 5107 1289 5177 inquit,
1307 5105 1393 5157 tiuserc
1405 5118 1449 5156 cos
1465 5101 1509 5172 qus'
1522 5116 1613 5171 eorpus
1631 5097 1761 5163 occidunt,

124 5183 257 5244 pereunte
271 5177 397 5246 potentia.
414 5173 496 5228 Nemo
518 5178 602 5244 aufert
620 5175 731 5226 culmum
750 5172 806 5243 ejus
826 5173 857 5225 ub
871 5187 919 5234 eo,·
971 5181 1083 5235 animam
1096 5188 1181 5234 auum
1198 5193 1250 5232 mis
1271 5181 1375 5245 pauent
1397 5171 1526 5237 mimi
1545 5172 1589 5224 sed
1607 5170 1693 5224 timete
1704 5182 1763 5221 suist

125 5248 188 5316 quia
203 5245 430 5314 potestatemlsubet
443 5245 560 5316 ponendi,
576 5253 599 5298 et
615 5251 762 5323 potestatem
776 5241 919 5324 assumendi
971 5233 1056 5336 foui„
1084 5250 1109 5304 et
1122 5250 1234 5304 animeris
1250 5255 1275 5298 ει
1286 5259 1330 5298 cor
1349 5259 1377 5296 ur
1391 5239 1633 5321 potestoces'dcres'u
1649 5237 1765 5310 polimita

126 5333 184 5371 eum
193 5316 296 5382 ,·lialies
309 5317 389 5373 etlani
402 5316 446 5372 bic
458 5325 592 5370 auctorem
607 5327 695 5382 operis
708 5329 715 5366 a
730 5321 799 5382 pouit
809 5327 920 5366 susinum
971 5321 1039 5394 ,μὴ
1058 5267 1163 5394 (fiante.
1187 5333 1215 5384 ι,
1239 5314 1296 5385 28).
1336 5328 1383 5383 rgo
1403 5311 1546 5383 superstite
1559 5325 1646 5365 auinia
1666 5319 1765 5388 eorpus

126 5403 175 5459 pro
189 5387 336 5442 uuiimsrut's
350 5386 535 5458 (loun.x,18,
549 5383 602 5457 tt),
620 5381 701 5439 babes
714 5397 780 5454 opus
792 5381 918 5438 auctoris.
972 5400 1077 5448 consuas
1099 5386 1195 5452 occidi,
1219 5393 1247 5442 et
1266 5392 1406 5456 propterea
1426 5395 1593 5453 consequens
1612 5389 1765 5434 uccmsartu

127 5457 208 5526 0⁰⁰⁶
229 5466 260 5513 ¹¹¹
276 5459 392 5530 lienemli
406 5457 560 5515 d⁸fi¹¹l¹i⁰¹¹0
579 5453 737 5512 0⁰⁰0¹l⁸d³m
753 5471 761 5510 ²
775 5452 881 5524 (111θῦθὸ
892 5454 920 5510 ἱΙῑ
972 5477 1026 5518 non
1038 5468 1089 5527 est,
1104 5459 1207 5514 animas
1216 5453 1358 5526 corporum
1371 5453 1551 5510 internecione
1562 5449 1683 5506 consumi
1693 5445 1764 5530 :ulioe

223 5591 228 5602 ,
395 5593 401 5604 ,
617 5589 623 5602 ,
972 5533 997 5589 si
1008 5533 1047 5590 ita
1063 5539 1114 5598 est,
1126 5527 1215 5600 ‚etiam
1237 5535 1298 5600 post
1317 5531 1432 5583 mortens
1451 5521 1571 5596 eorpoms
1591 5520 1766 5578 nibilominus

160 5589 171 5622 ¹
188 5589 320 5642 chiffletius
328 5597 354 5642 ει
361 5591 457 5655 qnidam
468 5599 532 5655 tiss,
542 5603 590 5642 ison
600 5589 702 5644 stdelm.
926 5592 932 5608 ’

160 5652 172 5682 ¹
189 5651 363 5724 ttacblllletius
374 5659 400 5703 et
411 5661 463 5704 ltss.
475 5651 684 5717 inmemorem
694 5651 881 5706 willarei-lm·
895 5657 924 5704 el.
1121 5707 1127 5718 ¹
1180 5707 1186 5718 ι
1683 5693 1689 5706 ‚

124 5715 176 5772 tc,
188 5721 434 5766 emensurarent
1006 5709 1016 5742 ¹
1032 5714 1067 5759 tta
1087 5705 1219 5759 millenis
1237 5711 1264 5756 et
1280 5710 1334 5754 tiss
1353 5709 1382 5754 aa
1399 5695 1766 5774 siumeuroaemensium

155 5773 198 5843 la)
218 5775 314 5828 5seni.
334 5777 389 5829 da.
410 5775 458 5839 tt,
477 5788 530 5842 cap.
550 5776 634 5842 saeua·
651 5775 797 5844 ειιιειιι,
818 5789 871 5842 esp.
893 5781 922 5830 ei
975 5763 1525 5840 memmaeaumieuesmspussas.
1563 5805 1567 5812 .

124 5841 216 5900 mque.
381 5841 402 5914 ᾗ
517 5905 519 5910 ,
1007 5834 1312 5898 ¹m.,teeorsseiisuus.
1343 5833 1371 5882 ii.
