4034 6334
260 445 264 449 ’
285 446 464 506 babitaculum
487 459 640 506 sanctornm
660 458 740 520 atque
754 448 788 504 ab
808 449 883 506 omni
909 447 971 504 labe
997 446 1076 517 bajus

282 542 374 598 meoli
388 551 562 614 purgatorum
576 542 586 614 l
598 542 663 597 lsai.
680 557 753 609 ιιιι,
765 541 802 597 22
815 543 835 612 l,
850 555 903 614 qua
916 539 1024 596 tandem
1039 538 1078 594 al-

283 632 406 689 lirmatur
419 634 539 700 audacis,
556 648 608 688 non
626 631 746 692 loturum
772 633 855 689 luisse
869 633 1022 701 mundum,
1048 631 1076 687 id

281 735 341 793 est,
353 727 451 783 coelunt
464 738 491 782 ct
502 735 611 793 terram,
626 726 678 782 nisi
693 735 800 797 propter
812 727 998 782 necessitatem
1012 739 1077 796 pur·

281 822 429 892 gandoruur
438 821 579 890 spirituum
594 819 781 886 rationalium,
796 819 843 891 qui
852 821 894 875 vel
907 818 933 874 in
949 819 1018 876 coelo
1029 819 1073 875 vel

281 915 308 972 in
335 925 409 971 terra
425 929 478 969 raon
491 913 588 971 'essent
613 914 664 970 nisi
681 929 730 984 pro
753 915 856 970 meritis
876 915 1073 986 pcccatorum?

281 1007 350 1075 Quid
360 1021 424 1078 ergo
434 1008 553 1078 purgatis
563 1021 631 1078 opus
646 1017 686 1063 est
699 1008 768 1064 coelo
786 1023 857 1063 novo
867 1015 895 1064 et
910 1017 980 1064 terra
993 1022 1073 1076 nova,

255 1130 257 1133 ·
280 1102 302 1156 si
324 1101 428 1171 purgati
452 1101 485 1155 ad
502 1099 552 1154 boc
567 1100 762 1165 restittmntur,
782 1107 813 1155 ut
828 1099 883 1154 siut
896 1099 1074 1171 quemadmo-

280 1190 344 1246 dum
359 1189 465 1246 luerunt
475 1192 649 1247 anteeoelum
663 1199 691 1248 et
706 1199 804 1247 terram
818 1191 878 1247 sine
889 1191 959 1247 coelo
969 1200 996 1245 et
1016 1199 1072 1245 ter·

279 1284 330 1339 rol
353 1284 430 1350 Qirod
449 1283 472 1338 si
495 1285 605 1339 omnino
619 1299 711 1340 verum
734 1292 823 1350 esset,
848 1298 898 1339 nos
917 1298 1002 1355 usqne
1015 1285 1023 1316 ¹
1038 1283 1072 1338 ad

278 1376 343 1431 ittod
360 1375 432 1446 quod
461 1377 592 1446 promittit
624 1376 761 1446 Scriptura
785 1391 861 1447 spem
877 1384 995 1431 nostram
1013 1382 1072 1430 ton·

277 1467 342 1522 dero
354 1467 524 1524 deberemus.
539 1469 605 1523 Etsi
619 1467 681 1524 inde
691 1481 812 1523 essemus
822 1469 848 1522 in
863 1468 963 1539 aliquid
975 1468 1071 1523 melius

277 1559 467 1625 transterendi,
481 1559 566 1613 multo
584 1557 770 1614 rationabilius
791 1556 841 1615 boc
865 1567 931 1614 tunc
956 1558 1011 1628 jam
1034 1557 1070 1614 ibi

276 1650 356 1720 positi
370 1650 546 1718 disceremus,
559 1665 638 1722 quam
653 1664 722 1704 tinne
733 1663 785 1704 non
796 1651 884 1704 solum
898 1657 998 1705 temere
1012 1663 1071 1705 cre-

276 1741 411 1807 deremus,
421 1755 515 1796 verum
526 1743 605 1797 ctiam
618 1741 890 1812 impudenterdooerc
897 1757 1066 1799 conaremur.
1083 1742 1084 1746 ’

275 1832 344 1900 Quid
367 1842 409 1890 est
427 1842 517 1889 atrtem
541 1834 695 1900 absurdius,
710 1850 788 1905 quana
807 1833 909 1900 dicere,
921 1835 1025 1890 Coelum
1042 1841 1070 1891 et

275 1934 346 1980 terra
358 1941 413 1980 non
428 1936 529 1990 essent,
554 1927 605 1981 nisi
628 1927 778 1982 necessaria
794 1935 867 1983 esset
886 1925 979 1983 mundi
995 1936 1067 1983 stru-

273 2025 349 2072 ctura
363 2018 522 2088 purgandis3
532 2033 592 2074 curn
606 2019 718 2074 alterum
733 2019 833 2076 coelum
843 2028 871 2075 et
883 2019 995 2075 alteram
1015 2027 1068 2076 ter-

274 2123 330 2164 rant
341 2109 481 2179 promittat
491 2109 628 2180 Scriptura
643 2110 785 2181 purgatis?

307 2199 352 2254 ll.
377 2200 461 2255 Porro
475 2202 508 2257 dc
531 2203 587 2258 solo
607 2213 634 2258 ct
655 2202 717 2258 luna
736 2203 893 2274 oaetortsque
919 2202 1064 2269 sideribus,

271 2291 342 2361 quod
355 2293 473 2348 coelestia
487 2294 542 2347 sint
563 2309 677 2364 corpora
694 2294 834 2360 videtnus;
858 2292 929 2365 quod
949 2295 1065 2349 animata

271 2381 327 2436 sint
338 2397 393 2438 non
406 2382 537 2439 videmus.
565 2386 603 2440 be
618 2386 716 2440 diuinis
728 2385 780 2441 boc
797 2385 885 2440 Libris
906 2386 1018 2457 legatur,
1038 2393 1066 2441 et

270 2474 416 2530 credimus.
440 2475 506 2531 Num
533 2478 715 2532 testimonium
747 2490 782 2533 ex
800 2478 920 2548 Apostoli
946 2479 1064 2548 Epistola

269 2567 341 2637 quod
354 2568 437 2624 abeis
450 2568 502 2623 diei
515 2568 603 2624 solere
616 2570 738 2640 posuisti,
753 2569 832 2624 etiarn
849 2568 884 2627 dc
899 2570 963 2626 solis
974 2570 1061 2626 bomi-

269 2657 349 2713 nibus
361 2659 471 2730 intelligi
491 2667 578 2729 potest
589 2677 597 2726 ;
610 2662 736 2730 quoniam
751 2661 779 2714 in
795 2675 956 2732 unoquoque
976 2661 1064 2716 borni·

269 2762 304 2801 ne
324 2756 366 2802 est
388 2751 477 2804 omnis
499 2759 633 2816 creatura,
646 2768 700 2807 non
715 2751 903 2807 universaliter
922 2753 991 2807 sicut
1021 2758 1063 2808 est

268 2837 365 2894 omium
381 2847 406 2895 et
421 2848 492 2895 torro
507 2849 535 2896 et
549 2842 638 2895 omnia
652 2857 712 2912 quse
731 2844 758 2896 in
771 2842 811 2897 eis
824 2851 897 2909 snut,
913 2841 961 2898 sed
980 2855 1061 2912 geue-

268 2929 345 2984 ratim
364 2930 480 2999 quodum
505 2930 678 3002 modozquia
700 2942 727 2987 et
740 2933 878 2988 rationalis
901 2932 927 2987 in
948 2933 995 2988 illo
1007 2943 1059 3000 est,

266 3035 346 3090 quarn
354 3021 397 3077 rel
407 3022 553 3091 probantur
562 3022 661 3078 babere
672 3023 775 3094 Angeli,
788 3022 831 3078 uel
843 3022 989 3079 creduntur
1000 3041 1008 3091 ;
1021 3032 1058 3090 et,

266 3121 295 3165 ιιι
311 3112 345 3165 ita
372 3112 469 3181 dicam,
497 3113 641 3179 sensualis,
658 3127 709 3185 qun
724 3123 751 3168 ct
764 3112 856 3168 bestiae
869 3128 921 3169 non
943 3123 1035 3170 carent
1051 3133 1058 3171 a

266 3213 376 3262 utuntur
396 3207 509 3262 enimet
530 3206 653 3262 sensibus
677 3214 705 3261 et
718 3205 886 3262 sensualibus
897 3206 1014 3262 motibus
1026 3205 1059 3262 ad

265 3300 414 3369 appetenda
434 3299 510 3355 utilia
524 3307 551 3355 et
563 3298 669 3355 vinnm
695 3299 850 3354 contraria:
865 3307 893 3354 et
904 3297 990 3354 vitalis
1005 3300 1060 3369 pri·

265 3399 325 3447 rata
334 3407 427 3460 sensu,
439 3392 525 3462 qualis
536 3392 639 3447 adverti
649 3393 674 3446 iu
683 3393 824 3449 arboribus
834 3401 939 3465 potest;
956 3407 1017 3446 nam
1031 3399 1059 3448 et

263 3481 291 3538 in
307 3482 384 3539 nobis
398 3483 457 3538 tine
466 3496 548 3538 sensu
562 3492 655 3538 nostro
668 3483 735 3538 liunt
748 3484 868 3554 corporis
881 3484 1057 3550 incrementa,

263 3582 292 3632 et
310 3575 398 3645 capilli
413 3589 463 3630 nee
475 3589 536 3630 cunr
561 3574 743 3646 praeciduntur
765 3576 894 3642 sentiunt,
914 3585 942 3630 et
967 3583 1056 3631 tatrten

265 3674 399 3722 crescunt.
418 3665 477 3722 lana
494 3681 560 3722 vero
571 3665 628 3734 ipsa
652 3667 800 3736 corporalis
813 3675 934 3723 creatura
948 3666 1058 3722 eviden-

262 3759 318 3814 tius
328 3767 437 3830 apparet
452 3760 478 3813 in
491 3757 579 3826 nobis,
600 3774 659 3829 quae
674 3759 737 3815 lieet
751 3775 786 3815 ex
801 3768 873 3815 terra
888 3757 956 3814 iacta
976 3769 1057 3831 atque

264 3848 431 3913 immutant,
450 3850 542 3904 insunt
555 3857 644 3906 tamen
658 3849 698 3905 illi
712 3865 747 3906 ex
767 3851 891 3905 omnibns
902 3850 981 3920 hujus
994 3865 1056 3906 ror-

262 3939 335 4009 porei
349 3940 441 3994 mundi
456 3941 598 3995 elementis
612 3939 734 4011 quaedam
749 3942 887 4010 particulae
905 3942 937 3996 ad
953 3951 1056 4010 tempe·

261 4032 328 4088 riem
341 4031 512 4087 valetudinis.
525 4031 592 4087 llam
613 4041 641 4088 ct
652 4033 741 4088 calore
754 4035 874 4088 membra
887 4046 1054 4107 vegetantur,

264 4123 311 4194 qui
324 4122 366 4178 esl
378 4122 412 4178 ab
424 4123 494 4193 igne,
510 4123 587 4193 cujus
598 4123 679 4178 etiam
696 4125 741 4179 lux
757 4140 805 4194 per
824 4127 916 4181 oeulos
939 4128 1054 4195 ernirat3

261 4222 290 4271 et
312 4229 376 4271 aere
395 4230 524 4270 venarum
555 4195 702 4286 dt'smrsus,
721 4233 788 4289 quas
810 4220 921 4275 arterias
936 4231 1053 4289 vocant,

260 4316 341 4380 atque
355 4309 519 4380 spiramenta
532 4311 665 4380 pulmonis
679 4311 826 4382 implentur
836 4332 842 4381 ;
854 4325 882 4371 et
896 4317 992 4372 humor
1002 4320 1054 4375 nisi

260 4409 348 4465 esset,
361 4400 434 4454 nulla
450 4411 619 4471 sputamenta
633 4403 810 4473 ooulluerent,
824 4407 961 4479 vitamque
971 4411 1053 4466 absu-

262 4499 348 4546 meret
365 4490 482 4546 siccitas.
506 4491 572 4547 Nam
599 4502 627 4550 et
649 4495 706 4566 ipse
718 4500 827 4569 sanguis
852 4499 964 4557 bumido
977 4503 1052 4574 lapsu

259 4582 327 4637 alias
341 4597 422 4637 renas
441 4583 569 4654 replens,
597 4587 672 4656 qnasi
698 4588 764 4644 rivis
782 4596 809 4646 ct
829 4591 982 4650 lluminibus
1004 4609 1053 4665 per

258 4682 354 4731 cuncte
373 4673 539 4732 dillunditur.
555 4675 592 4732 lta
610 4678 711 4734 nullum
728 4689 769 4735 est
786 4691 916 4739 creaturae
942 4698 1050 4756 genus,

258 4765 329 4836 quod
348 4779 402 4822 nou
418 4766 444 4821 in
459 4767 569 4824 bomine
591 4771 676 4840 possit
700 4774 831 4842 agnosci:
848 4790 880 4830 ac
904 4777 943 4831 sio
963 4779 1052 4835 omnis

256 4864 379 4914 meatma
390 4859 417 4913 iu
428 4873 465 4920 tao⁴
473 4862 646 4929 congemiscit
654 4868 682 4918 ct
693 4862 776 4934 dolet,
785 4866 973 4923 revelationem
983 4868 1052 4926 lilio-

256 4959 316 5002 rutn
341 4947 389 5003 bel
403 4957 563 5018 exspectans
585 4951 595 5023 (
611 4952 686 5008 liorn.
700 4969 757 5023 vui,
768 4953 814 5025 22,
828 4957 864 5014 23
879 4959 915 5030 );·
928 4975 989 5031 que
1002 4976 1051 5032 per

230 5031 234 5038 ⁴
256 5040 472 5111 corporls'ctiam
486 5045 723 5116 resurrectionem,
739 5048 790 5103 etsi
811 5064 864 5104 non
877 5051 903 5105 in
923 5055 1049 5112 omnibns

255 5130 425 5200 bominibus,
440 5135 528 5190 ontuis
543 5143 631 5192 mnaen
647 5141 854 5210 acorruptionis
876 5154 1004 5202 servitute
1016 5148 1049 5202 li-

255 5223 402 5293 bcrabitur,
415 5227 477 5296 quia
487 5233 514 5282 et
527 5228 554 5282 in
567 5227 679 5300 singulis
691 5231 779 5288 omnis
793 5241 844 5288 est.
857 5233 920 5291 Etsi
930 5251 983 5298 ooo
994 5239 1049 5296 aiio

256 5314 338 5370 modo
361 5316 457 5373 meiius
468 5325 558 5389 potest
571 5319 641 5376 idem
654 5321 729 5379 loeus
742 5324 948 5395 apostolicarum
961 5327 1048 5387 Litte-

253 5421 346 5462 rarum
358 5407 488 5482 intotttgt:
499 5424 553 5467 non
574 5420 664 5469 tamen
675 5427 710 5470 cx
723 5415 825 5472 eisdem
838 5418 928 5475 verbis
949 5434 1048 5478 conse·

254 5508 339 5568 quens
358 5509 400 5556 est
412 5509 441 5556 ut
453 5503 539 5560 solem
559 5511 587 5560 et
600 5505 690 5563 lunam
706 5511 734 5565 et
746 5509 836 5567 sidera
848 5513 1049 5584 congemiscere

254 5588 653 5658 animaduertissent
667 5599 942 5676 boescorruptionis
964 5583 1049 5664 servi·

286 5771 998 5855 ιιιιιιιιιιιιιι,ιιιιιιιιιιιιιιιιιιιιιιιιιοιιιιιιιιιιιιιιι.

465 331 512 393 ιι
530 329 680 394 oaostutr
697 331 836 392 comm
856 328 1019 390 rntsctuu.
1042 321 1084 386 ut
1102 319 1252 406 muru,
1263 334 1300 394 s.
1323 339 1505 404 tuousrnu
1524 346 1627 407 nunu
1645 329 1746 410 uuus.

1872 353 1926 416 rto
2008 339 2009 348 '

1132 451 1187 506 tute
1197 451 1352 513 liberentur.

1166 543 1279 605 carot·
1298 551 1343 606 lx.
1359 584 1392 598 --
1409 553 1453 610 lb.
1469 550 1539 616 Sane
1552 573 1675 630 quioniam
1686 563 1760 631 dixi,
1775 565 1816 622 De
1829 565 1923 624 divinis

1131 635 1220 695 Libris
1231 641 1344 714 legatur,
1355 655 1383 702 et
1394 649 1547 719 credintus;
1562 669 1595 709 nc
1609 661 1634 710 te
1646 651 1756 712 forsitan
1767 657 1841 717 sallat
1851 663 1925 732 quod

1129 727 1164 786 de
1176 731 1244 788 libro
1257 737 1344 792 mnetl
1364 735 1414 796 lob
1436 741 1556 812 prolerre
1577 748 1695 803 assolent
1716 750 1761 822 qui
1777 753 1835 809 trac
1850 769 1924 810 asse·

1129 833 1211 891 runt,
1226 825 1271 882 ubi
1295 829 1501 902 scriptumest:
1519 835 1651 904 Quomodo
1673 839 1721 892 em
1743 839 1817 896 bomo
1835 845 1921 914 justos

1129 931 1214 972 corum
1229 917 1347 990 Domino,
1363 926 1403 980 uel
1414 925 1538 992 montedo
1550 943 1577 984 sc
1590 929 1721 984 mundabit
1733 941 1809 987 notus
1821 952 1852 989 ea
1864 953 1922 990 mu·

1130 1007 1211 1066 licre?
1229 1011 1251 1066 π’
1270 1011 1337 1068 luno
1350 1017 1481 1090 precipit,
1498 1027 1522 1072 ct
1539 1035 1589 1074 non
1604 1019 1688 1089 lucet,
1703 1037 1748 1078 nec
1769 1023 1852 1080 stello
1863 1037 1922 1081 sunt

1131 1101 1230 1157 moridie
1248 1113 1307 1158 onte
1325 1122 1382 1162 ειιιιι
1402 1125 1412 1174 ,·
1433 1119 1527 1180 quanto
1550 1112 1630 1184 mugit
1650 1113 1725 1169 ltonro
1746 1119 1872 1186 putredo,
1898 1128 1923 1175 et

1131 1191 1197 1261 titius
1217 1193 1326 1251 bominis
1347 1201 1438 1255 ommis
1460 1199 1470 1276 (
1489 1199 1539 1257 tot
1563 1217 1625 1273 ιιι,
1648 1205 1738 1278 t-t)t
1759 1205 1827 1265 ilinc
1848 1211 1921 1268 enim

1126 1285 1220 1342 rolnnt
1229 1287 1350 1361 intelllgi,
1363 1299 1389 1347 et
1403 1293 1558 1351 rationalem
1572 1297 1695 1368 spiritum
1706 1299 1806 1356 babere
1817 1303 1919 1373 stellas,

1126 1385 1153 1430 et
1166 1378 1279 1434 mundas
1292 1395 1344 1436 non
1357 1396 1440 1439 essca
1454 1397 1563 1456 peccato
1574 1403 1581 1440 ε
1591 1387 1640 1442 sed
1652 1387 1710 1444 ideo
1724 1389 1750 1445 in
1760 1393 1920 1462 coelis‘csse,

1126 1469 1186 1539 quia
1202 1471 1330 1542 majorem
1343 1475 1385 1530 vel
1401 1475 1539 1533 meliorem
1558 1479 1645 1535 locum
1660 1481 1748 1536 minor
1760 1483 1838 1554 eulpa
1854 1501 1919 1557 prn-

1126 1565 1231 1619 mernit.
1249 1565 1307 1621 Non
1322 1582 1371 1638 pro
1385 1571 1541 1627 anctoritate
1555 1571 1643 1628 divina
1662 1573 1740 1629 islant
1755 1579 1920 1634 sententium

1124 1655 1306 1726 recipiendam
1320 1673 1380 1714 esse
1394 1662 1519 1719 existimo
1540 1681 1547 1717 ι
1571 1680 1624 1721 non
1639 1667 1709 1722 enirn
1722 1680 1780 1723 eam
1795 1670 1853 1740 ipse
1866 1671 1918 1728 lob

1124 1748 1290 1818 enuntiavit,
1305 1747 1347 1805 c'ni
1363 1751 1495 1824 singulare
1509 1756 1624 1826 quodam
1640 1757 1719 1814 modo
1734 1761 1917 1818 testimonium

1123 1837 1251 1895 diuinitus
1263 1843 1437 1914 perhibetur,
1452 1847 1523 1918 quod
1545 1865 1596 1904 non
1612 1849 1749 1919 peccauerit
1769 1851 1844 1910 lobiis
1864 1857 1919 1912 suis

1122 1939 1181 1985 unte
1193 1931 1330 1988 Dominum
1345 1933 1409 2008 (ld.
1425 1953 1444 2006 r,
1458 1939 1530 2012 ἵης
1546 1941 1593 1997 sed
1609 1959 1676 2000 unus
1690 1959 1722 2000 ex
1738 1946 1796 2017 cjus
1810 1951 1916 2020 enticis,

1122 2023 1165 2094 qul
1185 2023 1248 2079 dicti
1269 2036 1331 2082 sunt
1352 2029 1522 2086 consolatores
1539 2037 1665 2089 mulorum
1679 2049 1768 2094 omnes-
1779 2037 1840 2112 (ld.
1856 2058 1916 2112 xvt,

1120 2116 1165 2187 2),
1180 2127 1206 2172 et
1218 2119 1305 2175 divina
1319 2124 1451 2178 sententia
1466 2125 1601 2196 reprobati
1613 2137 1686 2184 snnt.
1698 2121 1776 2187 Sicut
1788 2142 1876 2190 autem
1890 2137 1916 2192 in

1121 2209 1286 2284 Evangelio,
1304 2217 1424 2286 quamtis
1446 2231 1538 2274 verum
1564 2221 1598 2276 sit
1619 2223 1729 2279 omnino
1752 2225 1821 2296 quod
1843 2227 1918 2285 dicta

1120 2305 1183 2370 sint,
1197 2321 1250 2360 non
1266 2317 1352 2362 tamen
1366 2311 1455 2364 omnia
1469 2325 1529 2382 qum
1549 2311 1618 2368 dicta
1634 2325 1696 2370 sunt
1708 2331 1770 2372 vcra
1783 2333 1841 2374 esse
1854 2334 1917 2376 cre·

1119 2393 1234 2462 duntttr;
1251 2400 1376 2469 quoniant
1390 2400 1471 2456 multa
1486 2417 1500 2456 a
1516 2401 1615 2459 Judteis
1628 2403 1693 2460 laisa
1709 2416 1737 2462 et
1749 2407 1828 2480 impis
1841 2410 1916 2466 dicta

1119 2501 1178 2542 esse
1192 2503 1271 2544 rerax
1293 2489 1430 2562 Evangelii
1452 2493 1589 2564 Scriptura
1611 2505 1724 2553 testatur
1739 2518 1746 2554 :
1761 2502 1801 2555 sic
1819 2501 1846 2557 in
1862 2502 1916 2559 boc

1118 2579 1197 2648 libro,
1211 2582 1254 2636 ubi
1268 2582 1358 2638 multae
1375 2600 1496 2655 personae
1510 2587 1606 2643 locutu.
1617 2605 1677 2646 esse
1692 2602 1844 2662 narrantur,
1860 2613 1915 2654 non

1117 2673 1204 2729 solum
1215 2674 1278 2743 qnid
1290 2675 1404 2742 dicatur,
1418 2679 1465 2733 scd
1480 2695 1493 2733 a
1507 2695 1560 2750 quo
1574 2681 1656 2738 etiarn
1671 2683 1774 2741 dicatur
1786 2689 1915 2745 conside·

1117 2767 1228 2823 randum
1239 2780 1295 2836 est;
1305 2787 1339 2827 tte
1346 2772 1445 2842 passim
1453 2774 1543 2844 quaein
1552 2776 1844 2852 sanctolibroquolibet
1852 2783 1916 2838 scri·

1117 2867 1158 2928 pta
1168 2869 1230 2916 sunt
1239 2861 1634 2936 recipientes,cogamurlatcri,
1644 2869 1714 2940 quod
1720 2871 1800 2940 absit,
1809 2889 1875 2929 vcra
1886 2883 1914 2932 et

1112 2948 1184 3018 justa
1198 2951 1295 3018 luisse,
1311 2969 1370 3022 qute
1383 2955 1480 3010 marito
1495 2969 1587 3014 sancto
1600 2961 1695 3017 mulier
1708 2961 1838 3034 insipiens
1851 2982 1914 3038 sug-

1113 3043 1242 3112 gerebat,
1256 3054 1285 3100 ut
1299 3046 1399 3116 aliquid
1421 3049 1550 3105 adversus
1573 3051 1655 3106 Deum
1678 3053 1791 3126 loquens
1809 3057 1845 3113 ab
1868 3057 1913 3114 illa

1114 3135 1273 3191 intolerabili
1294 3152 1373 3208 pretia
1396 3141 1535 3198 moriendo
1556 3143 1715 3202 liberaretur
1736 3147 1799 3222 (td.
1815 3166 1848 3219 tt,
1863 3151 1910 3222 9).

1113 3224 1190 3300 Qttod
1202 3245 1254 3286 nou
1270 3229 1330 3288 ideo
1344 3231 1475 3302 dixerim,
1492 3236 1552 3307 quia
1568 3237 1604 3292 iiii
1617 3239 1694 3295 amici
1706 3257 1721 3296 a
1740 3241 1856 3300 Domino
1870 3263 1913 3302 re·

1113 3319 1234 3392 probati,
1248 3331 1275 3379 et
1289 3323 1322 3381 ab
1336 3325 1394 3396 ipso
1414 3336 1507 3384 sancto
1527 3329 1572 3385 Dei
1589 3345 1668 3388 servo
1681 3333 1777 3390 merito
1789 3337 1911 3410 culpati,

1113 3414 1179 3470 nibil
1193 3416 1248 3471 veri
1262 3416 1333 3486 loqui
1350 3427 1492 3488 pntuerunt
1509 3437 1517 3476 :
1532 3421 1579 3476 sed
1592 3423 1652 3493 quia
1672 3439 1724 3479 non
1739 3427 1825 3481 omnia
1847 3445 1912 3499 qum

1112 3506 1193 3562 locuti
1209 3517 1279 3570 suin,
1292 3523 1355 3563 vera
1371 3511 1486 3580 putanda
1500 3520 1571 3566 sunt.
1586 3512 1712 3581 Qtrarm'is
1726 3517 1797 3573 enirn
1812 3519 1913 3576 adver·

1112 3611 1170 3652 surn
1184 3597 1234 3654 lob
1253 3598 1318 3654 nibil
1333 3615 1423 3656 verum
1438 3601 1562 3658 dixerunt
1575 3605 1594 3672 ¹,
1612 3615 1698 3676 potest
1721 3617 1809 3665 tamen
1825 3611 1910 3668 etiam

1111 3702 1145 3744 ex
1160 3705 1252 3745 eorum
1267 3691 1357 3746 verbis
1372 3693 1488 3760 aliquam
1503 3707 1594 3749 sanant
1610 3699 1767 3755 sententiam
1788 3701 1813 3754 in
1829 3705 1912 3758 testi·

1111 3781 1230 3836 monium
1246 3769 1363 3838 veritatis
1375 3799 1512 3842 assumere
1525 3829 1531 3852 ‚
1543 3789 1588 3858 qni
1603 3791 1675 3846 novit
1688 3793 1824 3863 sapienter
1835 3795 1911 3852 dicta

1111 3872 1264 3928 discerncre
1282 3891 1288 3926 :
1304 3874 1350 3929 sed
1372 3876 1478 3946 qnando
1501 3879 1684 3950 inquirentes,
1705 3884 1811 3955 probari
1828 3887 1911 3944 nobis

1110 3963 1209 4035 aliquid
1224 3967 1345 4022 volumus
1365 3969 1518 4025 testimonio
1540 3984 1693 4030 sanctorum
1713 3977 1908 4050 eloquiorum,

1111 4069 1163 4111 non
1184 4055 1262 4112 nobis
1283 4056 1386 4112 dicatur
1409 4061 1569 4116 credendum
1593 4080 1653 4121 esse
1677 4067 1756 4122 etiam
1780 4069 1854 4140 quod
1880 4073 1910 4127 in

1110 4145 1256 4216 Erartgelio
1271 4149 1398 4217 scripturn
1418 4160 1469 4216 est,
1484 4151 1506 4206 si
1519 4151 1587 4210 sorte
1601 4159 1762 4228 evangelista
1776 4175 1838 4216 eum
1853 4162 1911 4220 boc

1109 4238 1208 4294 dixisse
1219 4250 1420 4308 commemorat,
1433 4243 1474 4297 cui
1490 4244 1556 4300 fides
1571 4245 1689 4303 habenda
1705 4261 1817 4306 nonest.
1832 4253 1909 4310 Nam

1108 4329 1206 4385 dictum
1226 4340 1267 4385 est
1280 4331 1333 4386 illic
1347 4347 1361 4386 a
1374 4333 1474 4392 lurltris
1488 4336 1600 4394 Domino
1615 4339 1736 4410 Christo,
1756 4341 1849 4399 Nonne
1865 4364 1912 4402 ue-

1107 4437 1164 4475 rum
1177 4421 1301 4490 dicintus,
1317 4425 1377 4493 quio
1390 4425 1569 4485 Samaritanus
1583 4447 1609 4485 et
1623 4441 1645 4486 et
1660 4432 1811 4488 doemonium
1825 4437 1911 4494 tiores

1107 4513 1203 4588 (loon.
1218 4531 1282 4584 vur,
1299 4517 1375 4590 llll?
1394 4518 1476 4586 Quam
1492 4537 1584 4578 vocem
1608 4533 1680 4582 tanto
1698 4527 1811 4600 amplius
1827 4528 1911 4587 dcte-

1106 4613 1225 4675 stamur,
1241 4617 1339 4678 quanto
1353 4609 1429 4666 nobis
1441 4611 1564 4669 Christus
1577 4622 1618 4672 cst
1632 4617 1738 4673 cltarior
1751 4637 1757 4672 :
1772 4621 1909 4680 emissam

1106 4705 1194 4754 tamen
1209 4713 1267 4754 esse
1290 4715 1305 4753 a
1329 4699 1395 4756 Juda
1406 4703 1428 4756 is
1451 4705 1572 4762 dubitare
1595 4723 1647 4764 non
1671 4725 1834 4781 possumus,
1860 4717 1909 4786 qui

1105 4789 1284 4860 evangelicam
1305 4793 1484 4848 narrationem
1504 4797 1669 4853 verissimam
1692 4803 1840 4858 credimus.
1867 4805 1909 4862 lta

1103 4891 1153 4935 uec
1168 4879 1343 4970 Evangelistm
1355 4883 1513 4956 derogamus
1527 4887 1606 4944 iidem
1620 4891 1757 4960 scribenti,
1770 4904 1798 4949 et
1812 4895 1910 4954 Judaei

1103 4985 1195 5029 vocem
1210 4974 1418 5045 blasphemantis
1438 4995 1617 5039 exsecramur.
1641 4981 1695 5042 Nec
1708 4985 1794 5041 solum
1810 4989 1910 5060 impiis

1103 5078 1130 5124 et
1146 5067 1268 5124 notandis
1283 5071 1453 5140 bominibus,
1470 5073 1516 5130 sed
1531 5091 1581 5131 nec
1595 5077 1660 5147 ipsis
1674 5077 1700 5133 in
1715 5077 1766 5134 lide
1782 5085 1911 5152 paruulis

1102 5173 1182 5239 atque
1194 5165 1281 5221 adbuc
1293 5168 1402 5223 rudibus
1417 5177 1444 5223 et
1457 5170 1582 5238 indoctis,
1596 5171 1641 5242 qui
1655 5171 1723 5230 lorte
1736 5173 1771 5228 ibi
1783 5175 1911 5247 loquen-

1103 5270 1144 5315 tes
1160 5269 1423 5328 commemorautur,
1446 5271 1570 5334 tanquam
1592 5267 1727 5322 canonicae
1746 5271 1911 5328 auctoritati

1103 5351 1336 5408 acconunodamus
1351 5353 1440 5410 lidem.
1465 5353 1558 5428 Neque
1582 5357 1665 5427 enim,
1678 5359 1738 5430 quia
1764 5359 1809 5415 ille
1823 5365 1915 5436 cujus

1103 5443 1166 5501 caeci
1179 5443 1233 5499 nati
1248 5445 1340 5500 oculos
1355 5445 1484 5503 Dominus
1496 5460 1647 5520 aperuerat,
1662 5451 1708 5520 ait,
1723 5451 1828 5510 Seianus
1843 5458 1913 5526 quio

1102 5545 1243 5608 peccatores
1258 5535 1327 5592 Deus
1341 5555 1392 5594 non
1404 5539 1506 5596 mcclii
1521 5538 1585 5616 (ld.
1601 5558 1647 5614 tx,
1662 5545 1693 5600 dl
1705 5544 1726 5617 ),
1742 5545 1804 5601 ideo
1819 5547 1913 5604 istam

1099 5729 1335 5844 Υὼιιιιιοιωιιιιίι
1351 5746 1409 5802 erpo
1436 5735 1565 5790 mucosum
1584 5737 1627 5792 tud
1645 5737 1705 5826 nibil
1725 5751 1807 5815 verton
1825 5741 1912 5796 dxxc-
