4034 6334
112 319 178 384 titt

110 421 116 432 ‘
144 429 257 493 curer
274 429 335 488 xx.
348 427 573 488 -reutretuu
586 425 794 498 ιιιιιιιιιιιι,
820 423 897 480 ιιι

112 509 242 578 ἀριιιιιι
261 507 344 575 sorae
354 519 415 574 qens
425 499 603 568 tenebrarum,
623 499 667 556 red
683 499 737 566 ipre
749 495 831 552 uoluit
845 500 900 568 peti

112 596 162 636 rem
176 576 271 631 naulum
280 575 348 628 eirca
358 574 422 642 fines
434 589 503 638 ruer,
514 581 538 627 ct
551 573 618 626 misit
631 571 674 640 qai
684 587 740 626 eum
750 568 897 624 debellaret.

111 651 158 706 Cui
170 663 221 718 ego
231 645 296 710 dixi,
308 645 336 700 Si
350 644 386 698 ita
402 652 487 700 estut
501 643 579 708 dicis,
591 643 648 712 ipse
662 641 750 711 potius
764 639 898 694 iuvenitur

112 720 207 784 malus,
223 718 268 789 qui
281 731 339 772 rem
352 715 465 770 vicinam
475 714 542 770 nihii
552 713 575 768 ei
588 718 730 768 nocentem
744 709 836 766 delere
849 725 899 764 ιι-

114 791 167 844 ιιιι.
186 790 218 844 tn
231 789 300 844 sicut
312 786 398 840 maius
424 785 450 840 iu
470 785 560 850 illam,
585 785 623 840 sic
635 781 750 838 erudelis
761 781 787 835 in
804 795 897 845 suam,

114 869 156 916 aut
167 859 277 930 ignarus
291 859 385 912 futurae
399 856 559 912 calamitatis
572 855 639 923 eius.
652 850 719 909 Cum
731 854 802 907 enim
823 859 901 920 putat

113 946 167 986 rem
186 931 284 985 bonam
305 943 334 984 sc
359 943 438 996 posse
460 925 605 996 perficere,
623 931 651 979 ιι
666 925 692 979 ιι
712 938 794 994 regno
813 921 898 990 maii,

111 999 182 1071 quod
197 999 221 1055 ei
244 1015 297 1054 nou
312 999 442 1062 nocebat,
467 997 604 1065 regionem
618 1010 693 1050 suam
719 992 897 1060 extenderet,

111 1073 185 1134 nrius
200 1085 254 1124 uon
277 1069 400 1139 praeridit
414 1067 612 1132 infelicitatem,
638 1081 697 1136 quae
723 1073 899 1118 memoratam

111 1152 215 1212 partem
228 1142 286 1210 ejas
300 1139 418 1211 quotidie
444 1145 564 1208 premat;
580 1135 676 1192 deinde
691 1135 761 1206 quod
785 1148 843 1190 eam
859 1140 901 1189 to·

112 1223 163 1268 tam
180 1226 318 1282 nunquam
331 1211 358 1266 in
379 1210 520 1280 pristinam
543 1207 693 1264 libertatem
716 1206 836 1276 recipere
851 1219 901 1275 po-

112 1283 183 1340 terit.

147 1351 262 1409 carth
274 1348 440 1406 filib-Sed
451 1364 511 1405 euru
519 1348 581 1405 huie
591 1346 734 1418 objectioni
744 1345 903 1416 responderi

116 1424 226 1480 minime
240 1423 341 1494 possit,
366 1423 470 1477 solitam
487 1421 646 1491 imperitiam
659 1427 796 1488 opponunt
812 1417 903 1485 :Quid

115 1495 210 1551 facturi
228 1502 304 1549 erant
314 1491 398 1547 tobei
411 1491 527 1554 Christo,
542 1492 565 1546 si
578 1491 661 1545 nollet
676 1489 709 1543 ab
720 1489 760 1544 eis
778 1489 854 1558 pati?
880 1487 902 1544 0

111 1567 214 1620 utinam
225 1562 315 1618 ridere
325 1572 446 1634 possent,
458 1562 529 1631 quod
545 1561 621 1616 facile
636 1560 774 1624 riderent,
789 1559 840 1612 nisi
855 1573 903 1626 per

113 1637 226 1692 nebulas
240 1632 419 1689 ιιιιιιιιιιιι
437 1641 651 1696 execrarentur,
677 1629 740 1700 quid
763 1630 798 1682 sit
813 1629 900 1682 immi-

113 1707 202 1762 nentis
228 1704 290 1758 mali
312 1705 396 1775 premi
423 1704 599 1770 necessitate,
621 1716 701 1771 quam
722 1699 807 1754 Deum
822 1713 901 1754 suum

113 1792 225 1848 passum
240 1783 411 1840 asscreraut;
433 1783 460 1830 et
474 1773 538 1842 quid
552 1773 587 1828 eit
615 1769 804 1826 misericordiae
823 1769 901 1824 beni·

111 1847 271 1918 gnissiuium
299 1845 434 1910 officium,
451 1859 529 1913 quarn
554 1842 684 1913 sapientia
701 1849 727 1896 et
753 1841 836 1902 uirtus
855 1839 902 1894 bei

111 1919 241 1974 hominus
254 1915 332 1972 lesus
350 1915 472 1971 Christus
498 1912 632 1970 voluntate
644 1921 672 1968 ct
686 1909 813 1966 ineflabili
827 1919 902 1980 pote-

114 1998 196 2057 state,
213 2003 260 2060 per
269 1987 403 2042 hominem
414 1999 492 2054 quem
505 1985 621 2054 suscepit
634 1999 668 2038 eir
681 1982 792 2050 virgine,
808 1979 901 2050 generi

111 2059 229 2114 humano
242 2058 368 2116 exhibere
380 2057 502 2126 dignatus
515 2065 566 2122 est,
584 2064 612 2109 ut
626 2053 779 2108 homiuibus
789 2067 837 2122 per
850 2050 901 2103 ho·

110 2133 212 2186 minem
224 2129 358 2199 patientiae
368 2122 740 2192 demonstraretercmpiuml
755 2119 901 2188 Oportebat

88 2259 91 2266 ,
111 2202 195 2266 enim,
208 2209 236 2256 et
248 2199 299 2254 hoc
311 2199 414 2267 justum*
425 2208 490 2262 erat,
504 2205 533 2250 ut
547 2195 669 2249 immines
683 2207 730 2261 per
742 2189 899 2260 patientiam

109 2271 268 2326 humilitatis
282 2269 420 2323 uincerent
431 2264 616 2320 difficultatem
632 2261 796 2317 infirmitatis
809 2259 899 2315 caruis

110 2357 168 2398 suae
184 2361 190 2395 :
205 2341 266 2421 quia
280 2339 306 2392 in
326 2352 384 2392 eam
411 2351 458 2406 per
471 2335 614 2388 elationem
635 2331 766 2402 superbiae
793 2329 900 2386 cecide-

110 2421 183 2477 rant,
199 2417 267 2466 sieut
282 2409 308 2462 in
330 2407 414 2462 Adam
430 2407 515 2475 primo
528 2405 635 2460 homine
650 2412 740 2457 nostra
761 2399 900 2470 Scriptura

110 2483 223 2538 iudicat.
240 2476 372 2548 Numquid
385 2485 413 2532 et
431 2490 478 2529 ros
492 2477 603 2545 potestis
627 2473 726 2541 dicere,
738 2472 799 2542 quia
824 2481 901 2528 erant

110 2551 197 2622 aliqui
208 2551 330 2604 homines
343 2562 409 2620 quus
426 2547 495 2601 bens
506 2545 611 2601 volebat
623 2544 720 2600 doecre
734 2542 898 2612 patientiam,

109 2631 256 2694 propterea
270 2619 355 2674 uoluit
370 2634 385 2674 a
418 2625 479 2672 ente
494 2618 665 2680 tenebrarum
686 2623 759 2669 tauta
772 2614 840 2668 maia
852 2629 900 2683 pa·

108 2695 148 2760 ti,
164 2690 389 2762 quenadmodum
400 2633 530 2745 {lominus
545 2702 561 2742 a
574 2686 692 2742 iudeis?
705 2685 759 2740 hut
773 2682 901 2754 noniquid

110 2764 226 2832 potestis
241 2761 340 2826 dicere,
355 2759 416 2830 quia
427 2759 543 2828 antecepit
559 2759 674 2828 aliquam
698 2763 821 2812 naturam
839 2771 900 2824 qais·

108 2833 219 2890 sibilem
233 2833 322 2896 bens,
343 2831 370 2888 in
394 2845 446 2900 qua
460 2836 622 2899 pateretura
637 2835 716 2899 gente
730 2826 900 2882 tenebrarum

111 2903 244 2976 quidquid
256 2903 280 2958 ei
300 2901 388 2957 facere
402 2902 496 2970 potuit,
513 2909 541 2955 ut
558 2910 644 2954 tamen
660 2898 756 2967 ipsein
771 2911 817 2950 sua
834 2896 900 2950 sub-

112 2977 213 3031 stantia
227 2973 298 3028 nulla
312 2989 344 3027 eir
361 2983 435 3054 parte
451 2964 612 3036 mutaretur;
628 2969 696 3024 sicut
710 2967 828 3022 Verbum
843 2967 899 3032 hei,

107 3047 156 3116 qui
173 3056 214 3101 est
225 3043 309 3099 Filius
322 3043 380 3108 bei,
391 3043 471 3097 etiam
486 3041 543 3110 ipse
553 3039 708 3095 sieutPater
721 3038 900 3093 iucommuta-

111 3116 186 3182 bilis,
204 3114 321 3184 suscepit
332 3113 468 3168 homiuem
481 3111 634 3177 mortalem,
647 3117 676 3164 ut
688 3111 791 3180 integra
812 3118 839 3162 et
858 3109 900 3162 iu·

109 3187 215 3242 uiolata
238 3185 355 3252 deitate,
372 3183 398 3238 in
412 3197 493 3238 carue
510 3182 614 3236 mortali
631 3179 740 3236 doceret
770 3179 901 3235 mortales

111 3271 163 3328 per
183 3255 339 3339 patientiam
360 3264 472 3309 mortem
492 3252 619 3317 uincere,
649 3259 677 3308 et
690 3249 774 3322 ipsius
788 3249 902 3304 infirmae

107 3342 205 3384 carnis
230 3327 343 3381 futuram
365 3325 391 3380 iii
408 3324 503 3380 melius
528 3321 764 3378 commutationem
778 3335 899 3376 resurre-

106 3397 201 3454 etione
213 3395 394 3452 nioiistraret?

146 3466 261 3524 curba
286 3465 368 3522 xxii.
379 3463 490 3521 -Cum
504 3471 647 3536 ergoesset
657 3477 706 3533 pei·
716 3476 745 3518 se
760 3462 847 3533 ipsum
859 3461 902 3516 in·

107 3539 237 3604 risibilis,
251 3536 363 3593 risibilis
379 3538 404 3592 in
426 3537 532 3592 homine
554 3535 696 3606 apparuit,
710 3548 790 3602 quem
811 3533 846 3587 de
868 3531 903 3588 fe·

107 3611 185 3664 ruina
197 3609 334 3678 suscipere
348 3607 472 3678 dignatus
485 3615 537 3672 est,
553 3615 581 3661 ut
595 3607 620 3661 in
631 3603 777 3675 Evangelio
789 3602 902 3673 legimus

108 3679 204 3750 (ιιι.
229 3682 275 3750 ιι).
291 3679 359 3734 bieit
388 3687 415 3734 et
428 3678 586 3747 Apostolus,
614 3673 724 3729 Furtum
743 3673 774 3729 de
799 3674 904 3728 maliem

106 3749 213 3820 (ιιιιιι.
227 3765 266 3822 ιι,
284 3749 325 3821 ι).
337 3749 370 3804 Et
383 3749 426 3804 isti
451 3748 551 3816 dicunt,
569 3747 656 3813 Quare
676 3759 729 3799 uon
743 3745 781 3798 ait
793 3759 826 3800 ex
845 3745 901 3800 rir-

106 3822 195 3892 ginei
209 3836 266 3876 non
280 3820 455 3890 intelligentes
468 3818 537 3889 quod
551 3823 679 3873 eoiisuete
688 3815 788 3870 dictum
810 3815 845 3868 sit
861 3829 904 3870 se·

107 3892 230 3948 cundum
241 3891 431 3962 proprietatem
445 3889 542 3958 linguae
563 3888 772 3958 scripturarum,
787 3885 856 3940 sieut
869 3884 904 3941 de

110 3963 166 4018 Era
180 3963 283 4019 dictum
297 3971 348 4030 est,
369 3959 501 4016 Farrriouit
516 3975 571 4014 eant
585 3959 613 4013 in
634 3957 766 4012 mulierem
780 3953 856 4028 (Gen.
871 3973 901 4022 ii,

109 4033 171 4106 bd),
188 4042 334 4102 autequam
348 4031 391 4086 ιιι
404 4029 590 4086 ostenderetur
602 4030 669 4083 viro.
682 4027 809 4096 Quamvis
821 4025 903 4083 Maria

111 4121 167 4161 nnn
181 4105 329 4174 incongrue
343 4113 452 4172 propter
468 4109 572 4171 partum
588 4098 686 4156 dicitur
706 4097 903 4168 muliersrirgo

109 4192 187 4242 ιιι-ι,
208 4175 280 4299 Ἇιιιι
304 4173 407 4228 ririfeui
428 4171 556 4227 nescierit
569 4169 792 4232 couventionem,
818 4183 904 4236 neque

108 4248 206 4317 parieri
228 4243 396 4316 ovirginitas
416 4243 473 4314 eius
490 4250 614 4310 corrupta
644 4241 689 4296 sit.
713 4239 789 4306 Quod
813 4247 903 4295 antem

107 4317 232 4388 Angelus
254 4325 282 4372 et
307 4315 440 4370 Elisabeth
466 4313 589 4368 dixerunt
611 4311 710 4384 Marias,
727 4307 863 4364 benedicta
878 4321 905 4366 ιι

108 4389 175 4444 inter
189 4385 309 4442 attolleres
320 4385 329 4456 (
342 4384 406 4440 ιιι.
423 4400 441 4452 ι,
457 4383 491 4438 ιι
505 4381 617 4454 );ιιιιι
641 4382 753 4450 quaestio
775 4389 825 4444 cst,
842 4381 903 4452 quia

107 4473 206 4514 revera
228 4457 367 4511 benedicta
393 4464 434 4510 est
454 4455 530 4524 virgo
552 4453 621 4507 inter
640 4453 775 4506 mulieres.
791 4451 844 4506 Sed
870 4467 904 4508 ne

108 4530 221 4594 dicatis,
236 4525 612 4596 Sicuthngeiiapparuerunt,
626 4523 664 4577 sic
677 4522 841 4576 haberetcttr
861 4538 902 4590 us,

109 4617 145 4657 ne
159 4601 195 4656 do
216 4597 314 4654 femina
327 4605 492 4652 nasceretur.
507 4593 577 4662 Quid
592 4593 614 4646 si
632 4593 707 4648 nobis
721 4591 835 4656 dicatur,
877 4594 903 4650 iii

104 4671 216 4742 legistis
242 4669 379 4724 Christum
394 4668 420 4720 in
443 4679 523 4720 carne
547 4663 673 4718 venissel
696 4661 791 4718 Nonne
806 4662 903 4720 dicturi

65 4750 71 4786 “-
103 4746 198 4808 estis,
220 4739 248 4794 in
274 4735 437 4810 Evangelio?
452 4735 639 4805 Respondetur
661 4749 726 4804 ergo
747 4733 842 4800 robis,
866 4733 903 4792 ibi

66 4847 69 4852 ·
104 4815 305 4880 scriptumest,
321 4809 455 4864 Cluistum
481 4817 571 4862 natum
586 4805 618 4861 de
631 4804 743 4876 virgine.
757 4803 809 4859 Sed
825 4805 902 4858 solita

105 4882 234 4940 foeditate
248 4880 342 4934 dicetis
365 4879 528 4948 Scriptorum
547 4878 631 4947 ipsam
645 4875 737 4931 falsam
753 4890 823 4931 esse.
848 4875 903 4931 Nec

91 4953 213 5028 ,uidetis
228 4949 342 5020 aliquem
361 4950 474 5003 similem
490 4945 565 5002 robis
578 4961 678 5001 emerim
694 4947 745 5001 hoc
759 4960 837 5014 posse
862 4947 902 5000 fa-

82 5029 87 5080 3
103 5041 192 5086 rere,
218 5028 247 5074 ut
262 5033 294 5074 ea
311 5033 370 5089 quae
390 5033 437 5084 nos
452 5018 574 5072 dixeritis
589 5031 671 5083 vera,
687 5017 733 5072 iiie
759 5015 824 5071 falsa
842 5031 903 5073 esse

106 5097 183 5150 dicat
198 5111 206 5158 ;
229 5099 256 5146 ci
270 5107 329 5160 quac
342 5089 430 5144 dicitis
444 5087 521 5152 falsa,
540 5083 586 5142 ille
606 5101 669 5141 vera
689 5101 749 5142 csse
765 5085 837 5142 dicat
852 5106 858 5140 :
871 5101 903 5142 ac

105 5169 145 5222 sie
158 5162 290 5234 aperiatis
299 5162 394 5230 januas
408 5159 480 5215 omni
495 5157 633 5212 homiuum
644 5158 729 5212 errori
742 5157 782 5211 ιιι
795 5157 900 5224 sceleri,

106 5249 137 5290 ue
162 5233 350 5303 unusquisque
375 5239 455 5300 prout
478 5229 591 5283 noluerit
604 5229 645 5283 ιιι
661 5227 807 5282 delectatus
822 5225 903 5283 fuerit

105 5309 181 5377 ipsas
196 5304 302 5359 divinas
326 5303 481 5373 Scripturas
495 5299 618 5369 accipiat,
632 5307 742 5368 respuat
755 5312 819 5352 nero
843 5316 903 5368 quae

106 5395 162 5434 non
181 5375 336 5444 intelligens
361 5383 388 5430 et
404 5374 519 5430 offensus
542 5369 672 5439 putaverit
691 5369 779 5434 mala,
809 5377 836 5423 ιι
850 5385 903 5424 ιιι

103 5449 162 5518 jani
178 5447 334 5502 inveniatur
348 5445 397 5501 hac
419 5443 509 5516 regula
529 5440 631 5498 erroris
642 5439 734 5508 uestri,
750 5438 821 5498 uude
835 5439 903 5497 tales

103 5519 286 5590 coi-rigantur.

110 5597 113 5604 '
140 5587 259 5645 CAPUT
274 5583 370 5642 xxiii.
382 5616 418 5627 -
431 5585 663 5657 decipiteiutegre
675 5581 817 5638 canonicas
829 5581 903 5638 Seri·

105 5671 216 5730 ptume,
232 5658 254 5714 si
266 5658 360 5728 integri
381 5671 441 5712 esse
459 5657 628 5712 desideratis.
646 5654 674 5710 Si
688 5653 758 5708 euim
774 5653 905 5724 iutellige-

104 5733 173 5788 retis
188 5726 233 5784 vei
248 5729 394 5784 crederetis
412 5737 486 5783 certe
508 5726 578 5798 quod
596 5721 739 5795 hpiistohis
755 5723 836 5789 dixit,
856 5741 904 5794 per

105 5801 241 5862 feminam
254 5815 338 5875 genus
349 5807 468 5856 nostrum
482 5799 562 5855 fnisse
575 5797 734 5870 deeeptom;
758 5797 794 5854 ait
807 5795 898 5870 enini,

705 335 708 344 ·
759 333 764 340 ·
834 309 1019 372 semmam.

1676 284 1764 390 ιιιΙ

960 427 1746 510 Τιιιιιιιιιιιιιιιιιιιιιιιιιιιιιιιιιιωιιιιιιιιιμιιιι

955 507 1044 580 aestro
1054 508 1351 572 meateeosraiuponnir
1362 503 1402 576 (ιι
1427 506 1487 564 Cer.
1501 525 1537 574 xi,
1554 511 1610 583 3):
1628 517 1745 582 possetis

955 569 1105 651 intelligere
1119 585 1166 640 per
1181 571 1306 629 feminam
1321 585 1441 632 nostram
1451 593 1537 648 genus
1548 587 1700 652 oportuisse
1710 587 1747 642 ii·

955 639 1062 721 hersin
1077 643 1243 723 utquoniam
1253 659 1300 713 per
1310 643 1435 704 feminam
1448 663 1522 705 mors
1541 651 1610 708 facta
1628 666 1681 723 est,
1697 673 1746 726 per

956 708 1083 766 femmam
1097 721 1152 767 rita
1178 725 1382 783 recuperaretur
1401 736 1408 772 :
1424 727 1504 788 atque
1523 721 1561 776 ita
1576 723 1746 784 demonstra·

955 789 1029 836 retur
1040 796 1095 864 uon
1107 783 1191 851 ipsam
1214 793 1364 842 ereaturam
1389 787 1533 846 femineam
1553 807 1613 850 esse
1637 797 1749 866 culpan·

955 850 1028 918 dam,
1039 867 1115 922 euqus
1124 862 1171 935 Ιιιι
1194 855 1265 909 Deus
1279 857 1418 926 eonditor;
1432 860 1481 915 sed
1496 861 1678 934 voluntatem,
1694 883 1747 938 qua

955 922 1017 1004 Era·
1058 935 1153 1007 ocavit.
1167 923 1219 980 Sed
1231 926 1325 1006 timent
1339 929 1487 998 majestatis
1507 933 1579 988 iliam
1593 936 1747 1007 incoinqui-

957 991 1073 1049 uabiem
1088 1004 1116 1077 et
1138 995 1299 1052 ineffabilem
1315 1001 1460 1066 potentiam
1486 1001 1513 1057 in
1537 1005 1646 1075 virginis
1668 1016 1747 1065 utero

955 1063 1066 1146 credere
1078 1063 1172 1148 fuisse,
1186 1082 1221 1122 rie
1231 1069 1359 1137 sangnine
1369 1071 1427 1140 eius
1440 1071 1623 1141 pollueretur:
1636 1093 1698 1133 com
1720 1087 1749 1137 et

957 1149 985 1189 m
999 1135 1139 1219 Apostohs
1151 1145 1178 1192 et
1193 1138 1283 1194 multis
1298 1139 1384 1208 dignis
1403 1141 1508 1198 feminis
1521 1153 1550 1201 et
1561 1146 1747 1217 habitaverit,

955 1213 983 1260 ct
992 1221 1065 1287 nunc
1079 1205 1191 1274 habitet,
1203 1208 1248 1277 qui
1262 1209 1352 1278 utique
1372 1226 1485 1280 corpora
1500 1215 1616 1284 habeut,
1642 1226 1669 1274 et
1682 1233 1748 1277 sau·

954 1290 1062 1359 guinem
1072 1276 1181 1360 habeut.
1192 1277 1220 1334 Si
1231 1279 1302 1360 cuim
1317 1281 1343 1334 iu
1364 1281 1445 1338 haita
1470 1285 1637 1357 coinquinari
1649 1292 1746 1359 potuit,

955 1357 1022 1428 et'in
1036 1348 1160 1431 omnihus
1183 1355 1285 1430 potuit:
1301 1351 1324 1404 si
1347 1363 1434 1408 autem
1454 1370 1508 1415 non
1532 1360 1620 1427 potuit
1631 1360 1658 1414 iu
1675 1361 1747 1429 iilis,

955 1426 1048 1500 utique
1058 1433 1107 1474 uec
1124 1436 1151 1473 in
1164 1418 1246 1501 tiana
1259 1421 1354 1489 potuit,
1366 1424 1392 1478 iu
1404 1425 1480 1494 eujus
1494 1427 1641 1486 visceribus
1652 1445 1748 1489 susce·

958 1497 1076 1558 ptionem
1087 1503 1207 1556 eorporis
1219 1501 1327 1560 operata
1344 1504 1386 1548 est
1399 1495 1445 1550 Dei
1460 1495 1605 1566 Sapientia.

991 1559 1103 1616 carot
1132 1559 1228 1614 xxiv.
1248 1591 1283 1602 -
1302 1560 1382 1620 Certe
1403 1566 1490 1634 ipsum
1517 1569 1692 1627 Manicheum
1713 1573 1749 1631 dc

955 1637 1032 1710 patre
1046 1639 1128 1710 atquc
1146 1629 1180 1685 de
1203 1639 1288 1684 matre
1305 1642 1397 1689 uatum
1420 1635 1502 1692 luisse
1522 1655 1577 1696 nou
1601 1644 1747 1712 negabunt,

955 1713 1031 1767 cuins
1055 1715 1170 1755 animam
1189 1700 1423 1760 seeundumsuum
1445 1723 1566 1766 errorem
1590 1713 1674 1768 Deum
1688 1729 1749 1770 csso
1789 1727 1794 1737 ⁴

956 1771 1168 1851 omnipotentem
1183 1773 1307 1827 similiter
1320 1789 1374 1830 non
1397 1777 1551 1846 negabunt:
1567 1783 1656 1850 quise
1680 1785 1749 1840 mira

955 1842 1081 1910 superbia
1092 1853 1257 1911 assumptum
1269 1859 1283 1895 a
1296 1844 1376 1911 genio
1389 1861 1457 1912 suo,
1475 1848 1528 1904 boc
1539 1860 1591 1919 est,
1616 1868 1632 1907 a
1647 1852 1749 1922 Spiritu

955 1919 1048 1993 saneto
1061 1926 1121 1993 esse
1132 1912 1269 1981 gloriatur.
1283 1914 1318 1968 m
1330 1915 1420 1984 utique
1432 1919 1455 1972 si
1471 1922 1566 1991 genius
1578 1930 1620 1977 est
1634 1923 1749 1994 Spiritus

955 1991 1050 2063 sancti,
1065 1991 1162 2049 etipse
1177 1993 1285 2062 sanctus
1307 1983 1421 2053 Spiritus
1436 1998 1486 2054 est,
1498 2000 1526 2044 et
1540 1991 1598 2061 ipse
1609 1993 1749 2050 beusoru·

954 2061 1090 2120 inpotens,
1103 2061 1132 2104 ut
1148 2051 1261 2118 Spiritus
1282 2063 1391 2110 sanetus
1405 2059 1468 2126 :qui
1485 2069 1572 2116 tamen
1586 2063 1749 2121 Manichacus

955 2135 1065 2175 carnem
1091 2122 1193 2204 habuit,
1217 2121 1245 2177 in
1260 2138 1311 2193 qua
1331 2126 1354 2180 si
1377 2128 1563 2198 coinquinatus
1576 2140 1618 2187 est
1630 2132 1749 2202 Spiritus

955 2200 1064 2272 sanctus
1081 2200 1127 2246 aut
1139 2207 1198 2262 equs
1216 2194 1303 2249 anima
1325 2198 1403 2265 genia
1419 2197 1535 2268 Spiritus
1562 2204 1657 2269 saneti,
1672 2205 1748 2260 coin·

954 2260 1118 2344 quinabilem
1143 2264 1226 2318 heum
1247 2265 1350 2322 colunt.
1377 2267 1406 2322 Si
1431 2285 1496 2326 rere
1521 2287 1651 2343 nusquam
1675 2275 1748 2331 Deus

953 2335 1157 2401 coiuqirinatur;
1177 2350 1239 2390 eum
1253 2336 1333 2392 etiam
1361 2337 1405 2394 lux
1428 2355 1571 2412 corporum
1596 2344 1748 2402 scelestium

954 2415 1039 2484 usque
1062 2403 1095 2458 ad
1120 2412 1204 2486 terras
1216 2409 1362 2475 perveniat,
1375 2418 1404 2465 et
1416 2426 1470 2466 non
1480 2413 1675 2484 coinquinetur,
1686 2431 1748 2474 citui

954 2471 1126 2555 manifestum
1138 2485 1172 2530 sit
1185 2479 1268 2530 solem
1277 2479 1368 2544 istum,
1382 2482 1424 2536 eui
1433 2497 1504 2552 genu
1516 2482 1639 2552 flectunt,
1652 2487 1679 2540 iu
1688 2501 1748 2541 om·

954 2545 1034 2628 nibus
1045 2547 1206 2601 stercoribus
1218 2555 1245 2601 et
1259 2549 1397 2617 putoribus
1409 2551 1500 2608 radios
1509 2569 1573 2610 suos
1581 2555 1745 2625 expandere,

954 2622 982 2670 ιι
1006 2631 1046 2670 ιιι
1059 2630 1189 2686 nusquam
1203 2617 1263 2692 coin
1283 2619 1368 2676 uiuari
1384 2639 1391 2674 ε
1405 2622 1527 2679 desinant
1549 2625 1745 2696 blasphemare,

954 2691 983 2740 et
996 2694 1091 2768 rogent
1101 2688 1195 2768 Ιιιιιιι
1208 2696 1237 2743 ιι
1257 2635 1396 2747 aberrare
1421 2693 1576 2751 liberentur.
1592 2694 1748 2767 incoinqui-

956 2756 1054 2837 nabilis
1064 2773 1136 2812 enim
1158 2759 1305 2814 substantia
1319 2776 1372 2816 non
1396 2762 1457 2820 ideo
1471 2779 1524 2820 ιιι
1548 2765 1746 2838 coinquinatur,

954 2829 1015 2908 quia
1029 2827 1095 2882 nihii
1108 2828 1214 2899 attingit
1227 2847 1235 2894 ;
1252 2830 1298 2884 sed
1310 2833 1371 2901 quia
1386 2845 1524 2902 permanet
1538 2837 1565 2890 in
1580 2851 1628 2894 sua
1640 2825 1747 2894 mundi-

955 2906 1002 2978 ιιι,
1017 2898 1208 2980 qualecumque
1220 2900 1254 2982 sit
1277 2902 1405 2972 quidquid
1420 2905 1545 2978 attigerit.
1561 2906 1636 2964 Sicut
1647 2923 1747 2990 corpus

954 2968 1149 3025 invulnerabile
1162 2978 1209 3024 aut
1230 2974 1431 3040 impenetrabile
1455 2978 1584 3047 numquid
1599 2978 1664 3035 iilud
1676 2979 1747 3034 dici·

954 3051 1015 3120 mus
1031 3039 1102 3109 quod
1123 3054 1176 3096 ιιι
1204 3044 1350 3111 percutitur
1375 3045 1456 3113 ferro,
1483 3047 1530 3103 sed
1560 3051 1649 3116 potius
1676 3048 1748 3120 quod

956 3118 1039 3191 etiam
1060 3125 1145 3171 cuni,
1166 3113 1313 3182 percutitur
1344 3129 1397 3171 ιιι
1425 3117 1599 3188 penetraturi
1622 3121 1658 3176 Et
1688 3120 1749 3176 ideo

954 3193 1040 3262 inagis
1057 3181 1184 3264 probatur
1202 3183 1287 3266 filius
1298 3185 1346 3240 Dei
1361 3203 1414 3242 non
1429 3190 1549 3259 possede
1561 3192 1691 3261 sanguiue
1704 3190 1744 3246 fe-

954 3266 1035 3332 minae
1045 3266 1220 3335 coinquinari,
1231 3255 1293 3323 quia
1308 3271 1355 3326 per
1364 3256 1492 3314 feminam
1506 3269 1584 3316 natus
1598 3271 1651 3327 est,
1666 3276 1746 3330 qoam

954 3335 977 3376 si
992 3337 1046 3377 nou
1066 3338 1114 3404 per
1130 3325 1256 3379 femmam
1269 3339 1425 3384 nasceretur
1439 3339 1466 3384 et
1478 3333 1597 3386 membra
1611 3332 1653 3387 ilia
1670 3331 1747 3386 deri·

954 3397 1038 3474 nasset
1050 3411 1057 3446 ε
1072 3393 1209 3449 rideretur
1220 3395 1444 3464 enimjudicasse,
1452 3414 1531 3469 posse
1540 3416 1569 3455 se
1581 3401 1644 3456 inde
1653 3401 1747 3470 pollui,

954 3469 982 3516 et
995 3477 1083 3517 minus
1098 3478 1113 3518 ι
1137 3464 1216 3520 uobis
1230 3463 1343 3520 fidenter
1356 3468 1589 3541 incoinquinabilis
1601 3472 1747 3528 diceretur.

954 3531 1127 3616 consecrarit
1146 3544 1236 3590 autem
1250 3537 1430 3608 virginitatem
1442 3582 1450 3606 ,
1462 3541 1524 3611 quia
1540 3540 1575 3597 de
1586 3541 1690 3612 virgine
1700 3556 1748 3598 ιι-

955 3617 994 3658 ιιι
1007 3603 1091 3658 ιιιιιι
1105 3623 1112 3660 :
1128 3613 1156 3660 et
1169 3607 1226 3660 sola
1250 3606 1290 3661 iiii
1314 3618 1400 3664 mater
1413 3611 1440 3665 in
1455 3611 1668 3682 terriseligenda
1690 3621 1749 3668 erat

954 3673 988 3758 ιιι
1011 3675 1211 3800 sulscipieudum
1229 3676 1376 3747 homiuem,
1388 3680 1435 3751 qui
1447 3681 1503 3752 jam
1519 3690 1621 3754 patrem
1633 3682 1749 3740 habebat

955 3761 982 3800 iu
999 3759 1085 3802 coeis.

991 3815 1105 3873 CAPUT
1120 3816 1255 3895 Ιιιιιιι.-
1266 3819 1320 3877 Sed
1335 3819 1443 3889 dicunt,
1462 3823 1551 3890 Quare
1562 3839 1627 3895 ergo
1640 3823 1749 3897 negarit

956 3897 1069 3969 matrem
1083 3903 1168 3952 suant,
1186 3891 1292 3960 quando
1304 3890 1329 3948 ci
1348 3891 1425 3958 dixit,
1443 3893 1511 3961 Qotd
1521 3895 1584 3949 milri
1593 3905 1619 3950 et
1632 3895 1676 3950 tibi
1687 3905 1744 3962 ert,

956 3957 1047 4013 molier
1062 3958 1197 4032 (faunu,
1212 3961 1259 4032 ι);
1285 3970 1312 4017 ιι
1334 3963 1457 4034 quaudo,
1472 3980 1533 4022 eum
1546 3966 1572 4021 ei
1597 3967 1758 4028 nuntiatum¹

957 4037 1046 4097 esset,
1067 4029 1213 4100 quodcum
1228 4031 1432 4102 velletridere,
1459 4050 1502 4091 res
1539 4036 1608 4105 ndit,
1635 4035 1700 4105 (ιιι
1711 4047 1749 4092 est

957 4108 1038 4153 uenter
1049 4117 1124 4184 aree,
1138 4109 1181 4154 ιιι
1195 4103 1239 4173 qtti
1252 4113 1309 4158 ιιιι
1335 4113 1414 4159 ratres
1429 4105 1477 4160 mei
1490 4106 1500 4177 (
1533 4109 1599 4164 etth.
1613 4123 1669 4172 xit,
1683 4105 1748 4181 t8);

957 4184 989 4224 ac
1001 4185 1049 4225 eos
1099 4181 1151 4226 tius
1166 4173 1192 4226 in
1208 4173 1301 4228 liuuca
1324 4182 1413 4230 ectum
1426 4177 1599 4248 compotavit,
1617 4179 1662 4250 qui
1676 4178 1749 4234 face-

956 4250 1017 4294 rent
1030 4257 1062 4296 ro
1074 4251 1191 4298 untatem
1212 4243 1298 4299 Patris
1320 4245 1397 4314 ejus?
1414 4247 1481 4313 Quia
1495 4249 1619 4318 exemplo
1630 4265 1680 4304 suo
1691 4249 1748 4317 iam

956 4310 1070 4367 docebat
1099 4312 1235 4384 negandos
1264 4330 1324 4370 esse
1344 4325 1464 4372 tei-renos
1491 4329 1615 4389 parentes
1640 4326 1750 4390 propter

957 4381 1052 4437 belim.
1065 4383 1153 4454 Opera
1175 4385 1247 4439 enim
1267 4383 1357 4441 diriua
1380 4386 1488 4458 facienti
1503 4397 1624 4445 terrenus
1637 4388 1750 4444 affectos

959 4451 1119 4522 obstrepere
1132 4469 1185 4509 nou
1198 4454 1321 4512 debebat.
1335 4457 1402 4513 Nam
1412 4459 1435 4513 si
1447 4467 1589 4529 propterea
1597 4474 1652 4515 non
1661 4458 1747 4514 habe·

957 4522 1002 4577 bat
1024 4534 1154 4607 matrem,
1179 4527 1241 4595 quia
1266 4531 1371 4598 negarit
1392 4536 1521 4597 matmm;
1541 4546 1591 4587 nec
1616 4530 1711 4585 Ριιιιι
1721 4537 1749 4586 ιι

956 4603 1047 4674 caeteri
1069 4595 1183 4664 apostoli
1206 4595 1338 4652 habebant
1361 4609 1468 4668 patres,
1483 4601 1544 4669 quia
1556 4601 1660 4658 monuit
1675 4614 1745 4666 eos,

956 4663 1049 4719 diceus
1063 4681 1070 4718 ε
1086 4665 1120 4719 Et
1134 4675 1231 4734 patrem
1249 4685 1280 4722 ne
1294 4672 1440 4726 recureritis
1454 4671 1522 4726 nobis
1543 4680 1725 4739 superterram
1738 4686 1748 4734 ς

956 4751 1021 4789 unos
1045 4745 1081 4790 est
1102 4737 1168 4790 enim
1184 4735 1260 4792 Pater
1272 4750 1352 4794 cester
1373 4743 1455 4812 quiin
1474 4742 1543 4797 eoelir
1554 4750 1591 4796 est
1603 4738 1658 4810 (fd.
1671 4755 1747 4807 xxiii,

956 4806 995 4874 9).
1011 4807 1086 4873 Quod
1102 4816 1166 4876 ergo
1180 4823 1227 4862 eos
1247 4813 1350 4868 monuit
1362 4812 1396 4868 de
1418 4821 1495 4883 patre
1505 4822 1620 4876 terreno,
1635 4810 1687 4865 hoe
1713 4810 1748 4867 do

956 4878 1210 4959 matrelpriorfecif.
1227 4879 1355 4951 iiocergo
1370 4883 1492 4946 dicimus,
1512 4880 1676 4951 Sapientiam
1699 4878 1749 4935 bei

956 4949 1128 5030 sinseipiendo
1155 4950 1290 5005 hominem
1305 4962 1365 5008 non
1383 4967 1443 5008 esse
1463 4951 1679 5023 coinquinabam
1700 4949 1749 5008 sed

957 5020 1168 5075 misericorditer
1182 5021 1217 5076 ob
1228 5021 1365 5077 bominum
1379 5023 1492 5076 salutem
1505 5021 1641 5077 homiuem
1658 5037 1748 5077 susce-

957 5090 1038 5158 pisse,
1052 5099 1081 5144 ut
1096 5090 1181 5158 beret,
1192 5093 1261 5146 sient
1271 5091 1415 5162 Apostolus
1428 5092 1501 5158 dicit,
1518 5091 1646 5148 dfediotor
1655 5089 1703 5145 Dei
1715 5097 1739 5143 et

957 5159 1087 5214 hominum
1098 5160 1173 5215 lionae
1183 5159 1297 5216 Christos
1308 5162 1382 5228 laser
1397 5160 1418 5236 (ι
1429 5161 1496 5216 Tim.
1508 5180 1539 5232 ii,
1555 5164 1592 5245 ὅ).
1608 5163 1665 5219 Non
1676 5161 1748 5216 enim

936 5253 937 5256 ¹
956 5230 1086 5285 dubitanti
1100 5233 1231 5298 discipulo
1245 5247 1294 5286 suo
1309 5233 1413 5288 meiitiri
1429 5234 1523 5303 potuit,
1534 5251 1578 5304 qui
1589 5234 1673 5300 dicit,
1690 5230 1747 5304 Ege

957 5317 1013 5354 sum
1027 5303 1118 5357 veritos
1130 5302 1139 5373 (
1153 5302 1232 5356 deon.
1246 5317 1299 5368 ιιι,
1317 5303 1366 5372 6),
1382 5304 1487 5374 quaudo
1500 5305 1637 5360 cicatrices
1652 5303 1747 5361 vuine-

958 5387 1016 5427 rum
1029 5386 1148 5440 suornm,
1167 5381 1195 5427 ut
1213 5374 1292 5426 etiam
1319 5390 1397 5428 manu
1423 5383 1552 5444 tangeret,
1568 5372 1748 5500 praebuitssld.

957 5459 1001 5508 rx,
1016 5443 1074 5511 ιι).
1089 5442 1227 5511 Quomodo
1240 5445 1312 5499 enim
1328 5444 1390 5500 huic
1405 5446 1431 5500 iu
1457 5446 1545 5516 aliquo
1566 5443 1685 5504 securifi
1704 5458 1749 5499 em

958 5514 1129 5596 haberemus,
1142 5515 1165 5567 si
1176 5514 1307 5584 discipulo
1320 5531 1369 5572 suo
1379 5517 1418 5573 sic
1431 5519 1556 5571 mentitos
1566 5515 1658 5572 essetf
1672 5514 1750 5571 hbsit

959 5585 1019 5638 tahs
1033 5585 1196 5653 blasphemia
1214 5603 1221 5639 :
1237 5601 1286 5641 uec
1298 5601 1345 5642 eos
1358 5587 1430 5658 ipsos
1443 5588 1468 5641 in
1481 5589 1672 5656 sempiternum
1687 5597 1748 5639 reos

959 5663 1067 5736 teneat,
1095 5656 1139 5724 qni
1165 5655 1215 5711 hoc
1230 5657 1330 5713 audent
1352 5673 1473 5714 asserere
1497 5667 1544 5714 aut
1559 5657 1685 5722 credere;
1700 5652 1748 5712 soti

958 5725 1085 5796 evigilent
1099 5725 1251 5796 aliquando,
1265 5737 1293 5784 el
1306 5729 1453 5802 iintelligant
1466 5745 1546 5804 quam
1567 5728 1668 5788 nefaria
1682 5743 1748 5801 pet·-

959 5798 1085 5854 rersitate
1097 5796 1147 5853 ista
1160 5798 1313 5856 credantur.
1744 5859 1754 5890 ,
