4034 6334
269 394 305 458 lt
566 395 612 454 titt
630 391 769 454 buleus
786 383 959 447 dNfflABUS
976 381 1114 442 coetae
1125 380 1347 453 malcum,
1365 383 1396 442 S.
1415 383 1602 445 adcusanti
1881 387 1920 446 96

270 510 367 586 gentica
390 511 488 571 cedere
507 511 670 570 uideremus.
692 503 872 576 Quamobrem
893 515 955 556 cum
978 498 1067 556 omnis
1122 499 1274 571 ponendam
1288 499 1407 558 :deiude
1419 501 1619 575 subjungerem,
1634 502 1663 560 id
1675 502 1789 574 quodre
1803 505 1919 565 meliore

270 607 346 672 uita,
360 614 389 662 ct
408 606 443 663 ob
459 605 512 663 boe
529 605 619 662 omnis
637 602 726 658 anima
746 597 819 655 utdlo
832 595 953 666 eorporis
966 608 1067 661 sensu,
1123 592 1341 663 perciperemus,
1361 593 1514 650 necmmrm
1532 595 1630 652 melius
1646 596 1829 668 judicandum.
1851 599 1920 668 Quis

277 698 327 754 sed
339 698 397 756 solo
414 694 769 768 iutellectupercipiqueat3
780 687 919 746 solantem
929 685 1070 756 isteatque
1123 681 1175 739 boc
1190 699 1243 738 uon
1257 683 1353 740 darell
1367 685 1437 756 Ergo
1450 700 1590 758 pergerem
1602 703 1743 758 quarere,
1756 691 1845 747 aalma
1860 691 1918 780 illa,

276 791 339 847 luna
350 792 490 862 omnisque
500 790 545 845 lux
555 803 613 859 qua
623 781 781 852 mortalibus
791 780 833 836 liis
843 780 929 836 oculis
938 777 1065 846 cernitur,
1123 794 1205 852 quam
1220 780 1317 836 malam
1335 779 1475 848 dicarent,
1490 782 1611 838 oculisne
1624 783 1769 840 sentiretur
1782 785 1841 840 istis
1856 825 1865 853 ,
1879 802 1918 840 au

150 921 161 940 .
270 878 381 954 abipsis
391 871 916 953 quoquellanicbaeisremetbonolleo
926 867 1070 928 tribuenda
1122 879 1214 928 mente
1227 870 1438 944 intelligeretorl
1456 871 1546 931 liente
1563 873 1720 931 latereutur.
1738 875 1842 945 Quibus
1855 891 1919 932 ont-

237 957 242 1015 ἰ
270 987 333 1029 mse
346 973 450 1030 dicatur
461 989 468 1027 :
480 983 613 1028 summam
627 983 688 1025 esse
706 965 869 1024 dementiam
883 962 910 1018 id
922 960 1070 1034 praedeme
1122 964 1203 1022 uibus
1214 965 1285 1022 istm
1299 979 1349 1022 nos
1367 965 1589 1022 convenientibus
1606 975 1693 1038 atque,
1706 966 1838 1037 firmatis,
1853 968 1921 1038 quid

272 1063 410 1135 pertinere
421 1063 454 1118 ad
466 1063 561 1129 Deum,
574 1059 647 1132 quod
658 1075 706 1131 per
720 1072 818 1129 corpus
829 1056 983 1122 intuemur;
995 1051 1069 1124 quod
1122 1054 1300 1112 conficeretur
1309 1054 1497 1123 ostenderem
1510 1057 1627 1113 monam
1636 1058 1739 1114 scilieet
1748 1058 1821 1114 illam
1831 1076 1915 1129 quatu

238 1153 258 1192 ὑ.

271 1167 337 1212 tero
350 1167 405 1210 non
421 1153 508 1209 solum
527 1152 636 1219 animo,
650 1150 699 1207 sed
716 1149 774 1220 ipsa
789 1147 952 1206 sublimitate
965 1143 1068 1213 animi,
1121 1154 1336 1214 exsemreutur,
1350 1146 1411 1203 luce
1421 1147 1474 1202 ista
1485 1161 1566 1219 quam
1578 1157 1772 1205 scammuse
1783 1164 1845 1206 ωε
1855 1165 1918 1206 me.

271 1255 364 1304 mente
376 1245 479 1302 scilicet
492 1255 571 1316 atque
589 1242 762 1314 intelligentia
773 1253 952 1312 caperemus,
967 1236 1068 1305 idest,

271 1339 374 1406 tilam,
393 1337 596 1408 qualiscumque
615 1335 659 1394 illa
678 1334 832 1400 diceretur,
852 1341 942 1388 tamen
962 1327 1065 1396 sian,

271 1430 367 1489 eodem
381 1432 439 1488 lieo
452 1439 562 1488 auctore
576 1428 731 1501 privandam
747 1437 775 1486 et
787 1425 948 1482 viduandam
962 1433 1067 1495 putare.

270 1521 341 1579 llum
353 1524 426 1579 enim
440 1521 503 1594 quid
516 1522 552 1579 sit
562 1522 665 1590 uivere,
679 1533 811 1591 quamquo
821 1525 954 1574 secretum
965 1513 1000 1571 ab
1011 1529 1070 1571 om·

269 1614 301 1672 ui
312 1614 433 1694 corporis
446 1629 544 1682 sensu,
558 1627 691 1685 quamque
704 1611 814 1670 omnino
826 1611 1032 1680 incorporeum,
1044 1608 1068 1664 si

271 1722 317 1764 me
327 1708 415 1778 ipsum
429 1705 551 1763 invocato
560 1705 616 1762 Deo
626 1705 830 1774 interrogarem,
840 1701 1005 1774 respondere
1014 1714 1070 1756 non

271 1800 393 1872 pessimi
404 1801 459 1855 dut
471 1814 525 1854 non
540 1798 576 1854 illi
592 1814 698 1870 quoque
710 1795 916 1864 lucenicanus
929 1795 1017 1852 solum
1028 1793 1070 1848 sl·

271 1907 337 1949 rere
348 1892 418 1960 illas,
429 1907 497 1964 quas
507 1891 674 1948 detestantur
684 1889 797 1955 atrimae,
808 1888 857 1944 sed
866 1889 947 1944 etiam
957 1888 1070 1972 immor
1085 1903 1089 1910 ·

270 1985 361 2042 taliter
371 1985 481 2042 uiuere?
491 1985 621 2056 Quodque
633 1999 649 2038 a
660 1983 769 2040 Christo
783 1983 883 2038 dietum
896 1991 949 2051 est,
962 1979 1070 2036 Dimitte

270 2086 386 2133 mortam
398 2077 503 2149 sepelire
514 2085 627 2132 tumtum
637 2091 697 2130 eset
707 2073 813 2143 (battle.
826 2088 881 2142 utut,
889 2071 939 2144 22)
949 2088 957 2139 ;
968 2085 1024 2127 nou
1035 2070 1071 2127 de

271 2167 383 2223 omnino
397 2181 450 2222 nou
462 2165 634 2234 siccatione,
650 2163 698 2220 sed
712 2162 746 2219 de
758 2162 931 2234 peccantibus
945 2160 1068 2230 dictum,

270 2273 332 2330 quta
344 2257 504 2316 immortalis
515 2257 614 2314 anirnae
625 2256 683 2313 sola
695 2268 769 2311 mors
780 2262 840 2320 est;
853 2254 988 2310 scribente
998 2252 1071 2310 Pau·

270 2348 309 2419 lo,
322 2349 428 2405 Mortua
439 2359 474 2406 est
487 2349 635 2420 uideoque
648 2347 676 2404 ia
690 2345 790 2402 deliciis
801 2345 859 2400 uuit
872 2343 894 2418 (l
904 2345 972 2400 Tim.
982 2360 1009 2410 u,
1020 2342 1069 2414 ol:

271 2440 353 2499 mmul
368 2439 441 2496 enim
455 2449 483 2498 et
497 2447 629 2496 mortuam
643 2451 703 2494 esse
720 2435 808 2502 dixit,
822 2444 850 2490 et
862 2434 962 2491 uiuere.
981 2432 1071 2502 Quare

270 2546 327 2589 uon
348 2547 398 2604 ego
418 2540 517 2606 quanto
531 2529 710 2588 decoloratius
723 2528 795 2585 uiuat
809 2526 945 2598 peccatrix
957 2525 1067 2592 anima,

274 2622 325 2680 sed
337 2621 402 2680 illud
416 2621 503 2694 ipsum
518 2631 620 2679 tantum
632 2621 704 2692 quod
717 2621 790 2676 uiuat
800 2618 978 2676 attenderem.
991 2615 1070 2686 Quod

271 2715 296 2770 si
311 2714 449 2784 percipere
462 2715 513 2770 nisi
527 2713 700 2786 intelligendo
714 2728 768 2769 uon
781 2727 888 2784 possem
901 2753 910 2781 ,
924 2709 1005 2768 credo
1021 2724 1070 2766 ve·

271 2805 343 2861 uirot
355 2805 383 2860 in
399 2813 536 2872 monem,
553 2813 627 2860 tatato
639 2817 700 2860 esse
712 2801 861 2874 quamlibet
873 2801 990 2857 animam
1004 2799 1068 2869 luci,

271 2911 352 2968 quam
364 2912 411 2968 per
422 2897 471 2953 bos
480 2896 623 2964 seratimus,
634 2893 737 2963 oculos,
749 2892 955 2966 praeferendam,
968 2898 1070 2964 quanto

272 2987 475 3060 iintelligcntiam
491 2988 557 3059 ipsis
572 2986 658 3044 oculis
672 2985 870 3058 praeferremus.
985 3009 990 3015 ·

307 3080 421 3138 CAPUT
441 3080 485 3137 ill.
498 3111 533 3121 -
545 3079 643 3152 Carpum
662 3081 739 3134 etiem
751 3095 852 3134 oetaeo
866 3076 922 3133 lieo
936 3093 990 3132 estc
1003 3076 1070 3132 unde

272 3175 403 3246 palmer.
416 3175 536 3230 Animam
547 3175 620 3230 illem
629 3191 687 3246 quac
695 3174 764 3230 arcula
776 3175 868 3230 dicitur·
879 3191 895 3229 e
907 3172 1068 3243 Metambala,

272 3265 331 3322 luce
345 3283 399 3323 esse
412 3268 550 3324 attelierem.
566 3267 665 3324 Lucem
679 3275 769 3324 autem
790 3267 863 3324 illam
877 3267 914 3322 illi
934 3262 1070 3338 quoquea

273 3357 354 3416 Patre
368 3357 468 3416 Christi
483 3338 543 3416 es'se
556 3360 717 3418 conlirmant
733 3379 740 3414 :
756 3375 841 3431 egorm
856 3361 981 3429 andem,
997 3360 1069 3432 quod

271 3452 307 3508 ab
320 3469 353 3510 eo
365 3462 438 3510 esset
449 3467 625 3525 quaecumque
637 3453 737 3520 anima,
750 3451 921 3510 dubitarem?
935 3453 992 3524 Ego
1005 3468 1069 3510 uero

271 3559 327 3604 uon
345 3545 426 3604 modo
445 3545 480 3603 de
496 3547 596 3613 aalma,
616 3546 665 3604 sed
684 3545 718 3603 de
735 3547 829 3618 quovit
845 3547 926 3602 etiam
943 3561 1067 3616 corpore,

272 3638 337 3710 quin
350 3637 384 3694 ab
396 3639 454 3710 ipso
466 3648 548 3705 esset,
562 3638 629 3694 nibil
640 3637 760 3705 omnlino,
774 3654 809 3698 ue
822 3647 877 3694 tum
889 3637 1008 3710 quidem,
1021 3637 1070 3694 lto·

271 3746 318 3788 mo
334 3731 437 3788 scilicet
448 3732 457 3763 ¹
468 3731 540 3788 illius
554 3731 695 3802 imperitiae
707 3740 787 3802 atque
800 3730 871 3787 illius
883 3731 969 3788 alatis
982 3730 1069 3787 ambi·

272 3835 384 3893 geretu,
406 3821 429 3877 si
447 3821 532 3876 torma
551 3821 615 3893 quid
634 3832 706 3878 esset
718 3821 816 3894 quidve
827 3823 989 3890 immaturo,
1006 3822 1071 3892 quid

273 3911 378 3982 species
397 3920 425 3968 et
443 3911 507 3982 quid
524 3911 647 3967 indutum
661 3913 769 3982 speeie,
784 3913 882 3970 deindo
896 3914 960 3986 quid
973 3914 1070 3970 luorum

273 4003 317 4059 eui
330 4017 411 4058 causa
425 4011 507 4071 esset,
521 4004 565 4074 pie
577 4012 708 4075 cauteque
720 4005 877 4076 cogitarem.

311 4097 339 4154 d.
353 4096 406 4153 Sed
418 4096 453 4154 de
465 4112 579 4168 corpore
589 4097 695 4153 interim
706 4105 782 4154 taceo
793 4116 800 4152 :
811 4097 845 4152 de
855 4098 943 4152 anima
953 4113 1070 4170 conque·

274 4204 339 4258 ror,
354 4189 389 4246 de
400 4198 549 4261 spontaneo
561 4199 590 4246 et
602 4189 691 4246 uiuido
703 4197 794 4259 motu,
809 4189 844 4246 de
855 4197 915 4244 actu
927 4231 935 4258 ,
951 4190 985 4246 de
997 4192 1069 4259 vita,

274 4281 309 4341 de
323 4282 545 4340 immortalitate:
559 4281 674 4353 denique
687 4296 853 4354 coitqueror,
868 4282 940 4354 quod
953 4281 1070 4354 aliquam

274 4387 333 4432 reru
346 4373 398 4429 ista
412 4373 502 4429 emnia
515 4373 574 4431 sine
586 4373 634 4429 liei
645 4373 765 4430 bonitate
773 4363 874 4430 babere
885 4389 965 4446 posse
976 4376 1071 4432 miser·

274 4465 668 4538 rimuscredidi;quodquanta
675 4467 1069 4538 essent,negligenterattendi;

275 4556 327 4614 boe
342 4557 407 4612 mibi
415 4557 587 4628 gemendum,
597 4558 648 4613 boe
667 4556 818 4614 dedendum
839 4567 914 4628 puto.
927 4559 1071 4616 Volucrem

274 4661 380 4704 raecum
391 4647 459 4716 baec,
466 4647 591 4718 loquerer
598 4648 852 4714 mecumdeletrem
863 4648 896 4704 ad
906 4650 1001 4707 alios’:
1012 4667 1072 4723 quac

274 4738 315 4796 vis
322 4745 394 4796 esset
401 4737 575 4809 intelligendi,
584 4754 662 4810 quam
670 4739 736 4794 nihil
744 4739 991 4811 esselinltomine⁸,
1000 4742 1072 4812 quod

274 4831 1013 4907 huicexeellenuaepossemusconterrqpropenerem.
1022 4835 1072 4893 Ubi

274 4925 341 4983 mibl
355 4923 408 4982 boc
420 4923 552 4992 homines,
563 4925 586 4982 si
595 4925 675 4982 modo
683 4925 911 4995 esserttbomines,
921 4929 1070 4984 concessis·

274 5026 354 5086 sent;
368 5031 518 5090 quaererem
530 5023 619 5072 utrum
631 5017 673 5073 bis
687 5018 772 5075 oculis
784 5019 885 5088 videre,
898 5018 924 5074 id
937 5030 978 5075 ost
988 5019 1071 5076 intel·

275 5107 361 5178 ligere
371 5107 393 5161 ¹.
405 5106 456 5166 Ubi
468 5107 648 5178 negavissent,
659 5109 813 5182 colligerem
825 5109 911 5180 primo
922 5110 1001 5182 longe
1011 5124 1073 5168 esse

275 5197 367 5254 sensui
380 5197 520 5254 oculorum
534 5197 646 5256 istorum
662 5199 866 5272 intelligentiam
882 5201 980 5256 montis
994 5211 1072 5259 ante·

307 5333 316 5364 ¹
333 5330 400 5394 idid,
414 5332 457 5384 ltoc
468 5333 566 5385 rciioet.
578 5335 733 5398 corriguntur
744 5350 777 5388 ex
790 5345 842 5386 less.

305 5393 316 5428 ¹
332 5393 438 5466 laticum
449 5402 512 5466 tiss,
525 5393 624 5447 editius
638 5409 647 5445 :
658 5395 771 5460 intellige
783 5399 931 5450 manicheos.

307 5456 317 5488 ⁸
333 5461 370 5504 stc
380 5458 574 5506 exvatrctniset
585 5455 709 5508 Gallicanis
718 5464 773 5510 tiss.
786 5457 917 5524 [quemme
931 5459 993 5513 ullot
1012 5467 1073 5514 etta

274 5513 465 5641 minimam
477 5586 528 5628 llas.
546 5578 606 5630 tuditi
617 5595 686 5644 vero,
699 5594 880 5646 parutpoucrem,¹
892 5597 948 5634 eum
967 5585 1013 5634 bac
1030 5599 1072 5634 ve

275 5655 330 5693 curn
342 5639 472 5712 aliquando
490 5641 704 5712 interpunctione:
717 5656 771 5706 qcoe
787 5643 821 5694 eis
839 5651 900 5696 essct
921 5642 1073 5709 intelligendi

274 5703 396 5768 (quomam
406 5701 467 5754 utel
477 5709 538 5755 esset
556 5715 582 5753 m
600 5701 694 5756 imaeue
705 5705 768 5770 quod
780 5704 835 5756 aab
848 5705 998 5758 semitertius
1014 5721 1070 5772 pos-

274 5765 688 5890 unaffifeggffiw'cpffzrgogn
702 5829 869 5900 intelligerent.
882 5832 919 5881 sie
930 5837 956 5902 el
966 5835 1071 5901 vaticani

273 5895 329 5945 bas.
350 5889 397 5942 sed
412 5889 501 5942 melius
517 5891 557 5943 alu
575 5905 629 5944 cunt
649 5898 715 5954 lou..
728 5892 817 5954 ocdsre,
831 5891 858 5942 td
869 5899 904 5944 cst
927 5892 1068 5955 mtcllcqcrc.

1122 1237 1217 1296 liorem
1231 1255 1239 1292 :
1253 1236 1469 1310 quandoquidem
1489 1237 1536 1294 illa
1556 1238 1694 1296 intellectu
1715 1240 1834 1308 mentis,
1857 1241 1929 1319 lutee⁴

1119 1344 1204 1390 sensu
1214 1330 1335 1402 eorporis
1346 1329 1497 1387 innotescit
1508 1328 1560 1386 ilie
1569 1344 1635 1388 vero
1643 1329 1915 1400 bacrercntlortasse,

1121 1421 1272 1495 ducemque
1290 1423 1421 1480 rationem
1438 1422 1515 1493 sequi
1535 1431 1691 1502 recurrent
1703 1441 1712 1479 ι
1724 1430 1798 1478 mrum
1816 1433 1860 1480 est
1873 1425 1917 1482 tis

1121 1525 1325 1572 retemosamm
1334 1513 1491 1586 opinionum
1500 1522 1529 1570 et
1537 1512 1584 1570 diu
1592 1512 1710 1570 detensa
1718 1523 1798 1585 atque
1806 1515 1919 1572 meditat

1121 1607 1255 1666 abtum.
1275 1607 1330 1666 Sed
1348 1621 1400 1679 ego
1411 1606 1541 1664 inaurem
1558 1605 1645 1680 mama
1662 1605 1844 1676 heresibus,
1861 1624 1922 1666 nou

1122 1715 1237 1774 aspere,
1251 1715 1306 1758 nou
1321 1699 1481 1772 pueriliter,
1494 1700 1755 1772 noupersicaciter3
1768 1710 1924 1773 repeterem

1122 1807 1183 1868 quae
1200 1807 1330 1850 concessa
1348 1802 1431 1861 sunt;
1451 1799 1479 1849 et
1496 1807 1576 1863 quam
1593 1801 1687 1850 esseut
1701 1792 1873 1850 concedenda
1886 1796 1921 1864 ¹,

1120 1894 1312 1942 monmrarem.
1332 1883 1461 1942 Hortarer
1479 1891 1510 1940 ut
1527 1883 1556 1940 iu
1570 1899 1714 1941 commune
1731 1884 1919 1952 consulerent,

1126 1974 1251 2034 uiderent
1261 1984 1336 2034 certe
1347 1975 1411 2047 quid
1423 1975 1502 2033 nobis
1514 1975 1665 2048 negandum
1675 1985 1764 2043 esset;
1779 1985 1867 2032 utrum
1879 1977 1923 2032 iu·

1122 2068 1259 2125 tellectum
1281 2068 1341 2124 istis
1359 2066 1467 2125 corneis
1482 2067 1628 2124 luminibus
1649 2066 1866 2140 praeterendum,
1885 2083 1923 2123 au

1121 2159 1298 2216 excellentius
1312 2173 1374 2217 esse
1386 2158 1458 2231 quod
1469 2159 1553 2216 auinti
1565 2159 1721 2216 excellentia
1733 2200 1742 2228 ,
1756 2173 1835 2231 quam
1847 2157 1924 2231 quod

1121 2255 1172 2312 uili
1183 2254 1402 2326 sensueorpocis
1413 2253 1605 2326 coguosdtur,
1619 2251 1716 2309 mum
1730 2259 1854 2324 potarent
1864 2269 1872 2305 c
1883 2266 1924 2308 aa

1122 2345 1185 2400 illas
1196 2345 1311 2412 animas,
1327 2359 1395 2416 quas
1408 2344 1574 2416 alienigenas
1587 2340 1748 2412 crederent,
1761 2351 1863 2400 mamm
1875 2343 1922 2400 in·

1122 2435 1288 2508 telligeudo,
1303 2435 1331 2491 id
1345 2445 1390 2493 est
1402 2478 1411 2504 ,
1424 2436 1485 2508 ipsa
1495 2435 1579 2492 animi
1592 2435 1751 2494 excellentia
1763 2435 1826 2492 seiri
1839 2449 1923 2507 posse

1121 2526 1227 2584 nollent
1240 2527 1337 2596 iateri;
1350 2542 1386 2584 an
1397 2528 1483 2584 solem
1492 2541 1524 2584 ac
1533 2527 1625 2586 lunam
1637 2543 1692 2584 non
1702 2527 1754 2584 uisi
1764 2527 1823 2586 istis
1833 2528 1922 2586 oculis

1121 2627 1201 2674 notos
1214 2618 1272 2676 lieri
1286 2618 1390 2676 uellem
1402 2620 1530 2678 abnuere.
1547 2619 1663 2688 Quodsi
1677 2619 1745 2676 nibil
1758 2620 1854 2677 borum
1871 2620 1917 2677 ni-

1121 2708 1145 2766 si
1165 2708 1358 2766 absurdissime
1379 2720 1460 2782 atque
1481 2710 1713 2783 impudentissime
1730 2711 1822 2784 negari
1839 2726 1922 2783 posse

1120 2801 1384 2870 animaduerterent;
1403 2803 1545 2860 suaderem
1565 2819 1620 2860 uon
1636 2819 1687 2862 eos
1700 2815 1827 2877 oportere
1837 2804 1922 2862 dubi·

1121 2904 1198 2962 tare,
1211 2894 1291 2950 bam
1303 2895 1391 2952 lucem
1404 2910 1485 2967 quam
1496 2896 1640 2954 colendam
1651 2896 1842 2968 praedicerent,
1856 2911 1923 2955 esse

1123 2985 1213 3041 anima
1227 2986 1272 3040 illa
1285 2985 1408 3042 uiliorem
1420 3003 1502 3058 quam
1512 2987 1663 3059 lugieudana
1677 3000 1826 3046 maumam.

1156 3076 1271 3132 corut
1285 3075 1394 3134 ill-t.
1407 3079 1501 3133 mmo
1513 3080 1589 3136 meac
1602 3083 1860 3153 mproeucatior
1869 3083 1923 3139 istc

1120 3167 1187 3224 tuce.
1200 3169 1288 3240 Atque
1302 3168 1346 3225 bic
1360 3171 1383 3225 si
1397 3168 1467 3227 lorte
1479 3171 1578 3228 turbati
1589 3187 1657 3230 ame
1668 3184 1836 3246 quererent,
1852 3190 1921 3232 uum

1120 3262 1202 3318 etiam
1216 3277 1316 3317 muscae
1329 3263 1446 3318 animam
1460 3263 1522 3320 huic
1540 3265 1592 3320 luci
1611 3274 1741 3336 prestare
1751 3254 1891 3324 censerem
1909 3286 1918 3324 t

1121 3353 1332 3424 responderem,
1348 3354 1454 3424 Etiam;
1467 3370 1519 3413 nec
1540 3371 1586 3414 me
1601 3365 1716 3414 terreret
1733 3372 1824 3414 musea
1844 3359 1919 3430 quod

1121 3460 1203 3516 parua
1215 3457 1274 3512 est,
1289 3445 1337 3504 sed
1357 3445 1430 3517 quod
1451 3448 1508 3504 viva
1530 3447 1661 3512 drmarel.
1684 3449 1818 3516 Quaeritur
1826 3450 1920 3520 enirn,

1121 3536 1186 3608 quid
1199 3537 1243 3593 illa
1257 3537 1377 3594 membra
1390 3547 1446 3594 man
1459 3540 1555 3612 exigua
1564 3549 1681 3612 tegete,
1696 3541 1761 3614 quid
1775 3543 1827 3599 buc
1837 3552 1923 3616 atque

1121 3627 1186 3684 illuc
1195 3644 1244 3699 pro
1257 3629 1371 3684 naturali
1384 3630 1502 3702 appetitu
1522 3631 1653 3689 taadllum
1665 3633 1852 3706 corpusculum
1864 3633 1916 3692 du·

1121 3729 1175 3787 ml,
1190 3718 1253 3791 quid
1265 3722 1398 3777 currentis
1411 3723 1494 3795 pedes
1508 3723 1536 3779 in
1551 3740 1695 3782 numerum
1718 3735 1840 3795 moreat,
1853 3728 1922 3798 quid

1122 3811 1237 3867 uolantis
1255 3813 1385 3882 pennulm
1400 3813 1556 3871 moderetur
1569 3831 1602 3872 ae
1613 3815 1711 3874 vibret.
1731 3818 1809 3888 Quod
1825 3819 1922 3890 quale·

1121 3915 1235 3974 euntque
1247 3913 1300 3973 est,
1314 3904 1384 3961 bene
1403 3907 1645 3977 cottsiderautibus,
1656 3910 1684 3966 ia
1698 3919 1752 3966 tam
1767 3926 1850 3984 parto
1862 3923 1921 3971 man

1122 4010 1248 4066 magnum
1261 3998 1380 4064 eminet,
1395 4009 1426 4055 ut
1437 3999 1522 4056 cuium
1536 3999 1635 4074 iugeri
1649 4004 1839 4076 perstringenti
1850 4021 1921 4064 ocu-

1122 4087 1164 4144 los
1179 4087 1344 4159 praeferatur.

1157 4179 1272 4236 CAPUT
1282 4180 1315 4236 V.
1331 4211 1366 4222 -
1383 4182 1487 4239 Vitioaoe
1498 4185 1921 4260 mammoneamque,

1121 4272 1248 4343 quomodo
1262 4273 1321 4326 duic
1335 4272 1386 4327 luci
1397 4289 1456 4344 quc
1467 4275 1495 4329 iu
1513 4291 1603 4346 petere
1611 4292 1659 4331 tao
1672 4274 1803 4332 medendo
1809 4285 1859 4346 eet,
1872 4294 1923 4335 eu-

1122 4364 1249 4418 teccllunt.
1263 4359 1342 4420 Certe
1353 4364 1427 4436 quod
1446 4379 1527 4422 nemo
1539 4365 1655 4433 dubitat,
1671 4367 1798 4439 quidquid
1813 4367 1840 4424 id
1864 4380 1922 4437 est,

1123 4456 1289 4529 intelligibile
1296 4467 1338 4514 est
1351 4459 1439 4531 :quod
1449 4460 1522 4516 omui
1531 4461 1652 4519 sensibili
1665 4463 1689 4530 ²,
1704 4462 1776 4518 ctob
1788 4464 1842 4520 boe
1857 4462 1924 4522 buic

1123 4548 1203 4603 etiam
1216 4547 1269 4604 luci
1282 4547 1496 4622 divinis'legibus
1509 4553 1654 4608 antecellit.
1667 4551 1737 4622 Quid
1754 4554 1825 4610 euim
1840 4556 1919 4627 eogi-

1124 4641 1248 4696 tatione⁸
1271 4643 1443 4714 percipimus,
1457 4657 1564 4715 quaeso,
1579 4645 1603 4701 si
1612 4644 1664 4702 boc
1676 4661 1732 4702 nou
1744 4646 1922 4718 percipimus,

1123 4735 1196 4790 aliud
1209 4751 1269 4794 esse
1279 4745 1369 4793 mente
1381 4736 1541 4809 intelligere,
1553 4738 1627 4794 aliud
1640 4741 1741 4796 sentire
1753 4756 1801 4812 per
1809 4755 1923 4812 corpus,

1123 4834 1152 4880 et
1164 4827 1239 4896 prius
1251 4827 1315 4882 illud
1330 4826 1365 4882 ab
1378 4827 1430 4883 boc
1450 4829 1598 4898 posteriore
1618 4829 1820 4902 incomparabili
1832 4832 1925 4890 subli-

1123 4919 1216 4974 mitate
1228 4918 1347 4987 distare;
1363 4919 1478 4991 ideoque
1499 4935 1552 4976 nou
1566 4936 1646 4992 posse
1667 4921 1839 4992 intelligibilia
1855 4937 1923 4981 oen-

1123 5010 1244 5066 sibilibus
1263 5025 1317 5066 non
1330 5011 1470 5082 praeferri,
1485 5026 1548 5070 oum
1564 5013 1623 5084 ipse
1638 5013 1791 5072 intellectus
1812 5022 1924 5074 tautum

1124 5100 1248 5158 sensibus
1260 5102 1435 5172 preferatur?

1161 5194 1187 5250 5.
1210 5193 1277 5250 ilinc
1298 5195 1364 5252 illud
1384 5196 1466 5252 etiam
1486 5197 1600 5256 tortasse
1620 5212 1832 5271 cognoscerem
1846 5201 1925 5272 quod

1125 5403 1214 5470 senous
1232 5405 1279 5459 est,
1299 5403 1382 5448 utrum
1399 5397 1466 5448 mem
1486 5398 1863 5463 mmommumermuod
1883 5400 1924 5448 iu·

1124 5457 1252 5582 celpffi
1263 5527 1288 5572 et
1298 5535 1352 5585 mets
1362 5528 1442 5574 estem
1451 5522 1613 5576 meando.
1630 5523 1793 5574 emendantur
1811 5535 1844 5571 ex
1857 5525 1926 5573 vali-

1124 5592 1400 5696 &falmenienses
1417 5647 1520 5696 duorunr
1538 5647 1756 5709 manuscriptorum
1776 5646 1925 5698 auctoritate

1124 5714 1294 5757 correxerunt.
1308 5704 1351 5756 altr
1362 5714 1444 5756 mmcu
1451 5715 1504 5757 tiss.
1523 5707 1606 5770 plures
1617 5721 1673 5758 curn
1683 5713 1720 5756 Er.
1736 5707 1837 5767 babent,
1850 5707 1925 5770 qaid-

1125 5766 1183 5836 qua'd
1201 5766 1349 5861 buddfibile
1367 5775 1410 5828 est,
1429 5767 1495 5820 enati
1510 5768 1624 5833 melliti,
1635 5775 1658 5821 el
1671 5770 1702 5820 ob
1720 5768 1765 5819 loc
1776 5766 1833 5821 bade
1847 5767 1925 5822 aion

1125 5831 1261 5942 Q’eifcct
1271 5899 1332 5952 uss,
1347 5891 1486 5954 ωφιιιιωιε.
