4034 6334
271 317 306 378 m
743 303 1431 387 nuunmnuutmsuuuus'umnusibus.
1869 295 1924 401 aa

271 433 339 490 Nam
352 431 425 505 quod
439 431 511 502 prius
523 431 656 490 directum
670 445 730 489 esse
743 433 882 491 Bmtitudc
895 443 940 492 tuu
954 433 1128 510 siqniicuuit,
1142 453 1191 512 per
1204 443 1290 500 rtrum
1300 443 1485 504 bonorabiiem
1498 446 1679 520 Pbilccaium,
1694 453 1809 511 necdum
1821 457 1857 515 ad
1873 475 1924 518 mc

271 525 403 598 peruenit.
418 524 516 582 Verum
530 526 650 597 quumvis
661 525 784 582 conscius
795 527 963 597 propriorum
973 542 1082 600 semper
1096 529 1191 589 inerim
1203 546 1388 609 peccatorum,
1401 554 1472 596 nunc
1484 549 1572 598 tamen
1583 543 1720 602 euidenter
1731 549 1827 619 agnoui
1837 591 1845 618 ,
1857 515 1932 608 adi-¹

259 615 399 702 ¹piscendo
422 617 460 687 iili
470 617 542 688 qucd
556 617 664 674 exorari
679 617 783 674 muneri
795 657 803 684 ,
828 633 916 676 meam
928 621 979 678 toti
993 623 1120 681 Ecclesiae
1133 627 1325 698 impedimento
1337 647 1397 689 esse
1407 648 1559 704 personam.
1583 635 1637 694 Sed
1655 639 1765 696 omnine
1789 634 1929 715 confido,

271 709 396 778 queniam
408 709 454 772 qui
465 724 512 781 per
524 709 602 768 Unici
615 710 656 766 sui
669 710 780 781 qratiam
792 711 901 768 humani
913 718 1019 785 generis
1027 715 1152 788 dignatus
1163 728 1206 776 cst
1220 720 1311 779 delere
1323 721 1456 793 facinora,
1469 740 1519 783 nec
1532 743 1590 784 mea
1604 729 1631 786 in
1645 731 1792 802 perniciem
1804 746 1925 792 cuncto-

269 816 330 858 rum
339 801 487 874 paralum
500 809 652 874 permittet,
662 803 803 874 potiusque
814 805 864 862 ubi·
874 797 1180 879 abundarit'peccatam,
1195 815 1308 884 qratiam
1321 815 1400 874 iacict
1411 817 1562 876 redundare
1581 819 1670 894 (Rom.
1687 841 1715 891 u,
1729 825 1789 898 20),
1802 825 1926 886 dominc

269 903 368 959 merito
377 902 554 970 uenerabilis,
566 917 598 958 ac
611 901 765 958 beatissime
777 913 863 974 pater.
877 898 1069 963 iiiiiicultatern
1084 907 1190 979 operis,
1203 911 1277 982 quod
1288 911 1452 972 instruendis
1475 915 1681 988 imperitissimis
1695 917 1772 978 nubis
1784 938 1833 994 per
1843 899 1925 988 tuam

268 991 473 1050 beneficentiam
493 991 614 1062 prestari
632 992 788 1064 suppliciter
801 996 926 1060 cruraui,
943 1009 993 1052 nec
1016 997 1076 1067 ipsc
1098 998 1226 1070 ignorans
1247 1011 1310 1059 ante
1333 1005 1460 1075 predixi3
1476 1005 1524 1065 sed
1537 1007 1573 1065 de
1585 1006 1669 1068 diuini
1682 1009 1763 1068 tonus
1775 1012 1925 1086 ubertate,

269 1097 351 1154 quam
362 1084 409 1140 tibi
422 1083 551 1142 Dominus
562 1082 665 1151 tribuit,
679 1083 768 1140 ueraci
782 1084 863 1141 corde
877 1087 1047 1156 praesumpsi.
1088 1110 1091 1116 ,

302 1175 470 1232 &demetri
485 1176 643 1234 Plriiastrius
654 1187 683 1233 et
696 1177 862 1250 Epiphanius
874 1177 1022 1237 uenerandi
1034 1179 1153 1254 episcopi
1165 1185 1219 1242 talc
1241 1187 1341 1258 aliquid
1364 1189 1505 1262 scripsisse
1527 1203 1721 1263 memorantur,
1737 1195 1810 1268 quud
1822 1201 1926 1269 procu

261 1268 353 1326 dubio
366 1284 409 1326 me
419 1269 489 1326 inter
498 1279 596 1328 cetera
606 1311 615 1338 ,
624 1273 679 1327 imo
693 1271 762 1327 sicut
771 1273 878 1362 omnia,
893 1275 973 1344 iatet;
986 1291 1039 1334 uon
1054 1286 1144 1334 umen
1155 1275 1273 1336 arbitror
1283 1295 1330 1337 ecs
1339 1279 1409 1340 bunc
1418 1298 1510 1357 curam
1517 1285 1735 1360 diligentiamque
1747 1290 1924 1361 adhibuisse,

269 1373 299 1420 ut
310 1363 423 1436 singulis
436 1366 586 1436 quibusque
600 1367 770 1438 opinionibus
784 1371 932 1428 contrarias
947 1375 1028 1431 etlam
1039 1375 1179 1446 opiniones
1193 1376 1386 1451 adjungerem,
1403 1383 1524 1456 ritusque
1537 1384 1719 1457 subjicerent;
1732 1396 1787 1442 tum
1798 1386 1927 1459 denique

268 1469 337 1528 opus
347 1452 411 1512 illud
427 1457 564 1527 utriusque
577 1457 772 1530 qualecumque
791 1459 826 1516 sit
839 1476 892 1517 non
908 1462 989 1521 babet
1003 1465 1124 1524 icrtassis
1137 1483 1213 1538 mm,
1226 1485 1306 1542 quam
1325 1469 1449 1530 desidero
1469 1473 1637 1533 breuitatem.
1651 1477 1761 1536 Frustra
1774 1480 1859 1535 etium
1873 1479 1926 1536 bc-

271 1549 351 1618 mini,
366 1553 411 1622 qui
424 1551 503 1608 latim
515 1567 570 1607 nun
581 1551 688 1620 didicit,
702 1567 790 1624 qraecu
805 1554 925 1612 tacundtu
940 1557 1094 1630 delegatum
1115 1563 1243 1634 quianon
1255 1579 1307 1636 eqo
1319 1563 1674 1639 tantummodoconsiiium,
1686 1569 1735 1628 sed
1748 1580 1776 1628 et
1787 1573 1927 1631 auxilium

262 1640 414 1716 postulaui.
431 1640 500 1710 erid
513 1650 602 1698 autem
613 1641 820 1700 venerationem
832 1655 903 1701 tuam
919 1647 953 1705 dc
963 1649 1140 1722 interpretum
1153 1669 1206 1711 non
1219 1655 1305 1711 solum
1317 1655 1486 1727 diiiicultate,
1497 1659 1632 1717 sedetiam
1645 1662 1808 1722 obscuritate
1820 1664 1927 1722 admo·

268 1748 362 1802 neam,
373 1748 434 1790 curu
445 1735 504 1806 ipse
516 1733 568 1792 hoc
581 1735 665 1807 magis
678 1752 710 1793 nc
721 1735 800 1808 plene
810 1738 940 1811 dijudices
955 1742 1091 1801 iiiccedit
1102 1747 1135 1802 ad
1150 1761 1276 1816 causam,
1292 1749 1363 1820 quod
1378 1751 1513 1809 nonnullae
1525 1753 1606 1810 etiam
1620 1756 1802 1825 pastillorum
1812 1755 1927 1816 obitum

264 1825 390 1906 'hereses
403 1828 546 1884 emersisse
556 1827 713 1899 doceantur,
727 1846 839 1902 quarum
855 1835 955 1892 nuliam
969 1835 1008 1892 llil
1022 1837 1135 1895 iecerint
1147 1843 1322 1899 mentionem.
1656 1883 1659 1888 -

262 1982 266 1990 ⁴
303 1919 332 1977 b.
345 1919 524 1989 Quamobrem
537 1921 571 1978 ad
584 1923 719 1992 pecuiime
734 1925 1029 1999 patrocinium-pictatis
1040 1938 1092 1986 tuae
1102 1931 1243 2004 coniugio,
1259 1944 1287 1990 et
1301 1950 1366 1992 uoce
1381 1951 1456 2004 mea,
1468 1936 1515 1993 scd
1539 1939 1683 1996 uniuersali
1694 1938 1854 2009 desiderio,
1872 1956 1927 2013 pa·

267 2018 356 2068 ratum
367 2011 401 2068 ad
415 2013 626 2070 misericordium
650 2026 850 2074 sacrosanctum
864 2019 970 2090 pietatis
983 2028 1077 2092 pectus
1090 2024 1215 2094 appeiio;
1232 2029 1405 2098 sequestratis
1419 2031 1559 2101 saporibus
1569 2033 1732 2104 peregrinis,
1746 2035 1927 2094 mnstderate

267 2111 343 2161 textu
351 2107 449 2179 prioris
460 2108 599 2178 epistolae,
617 2120 711 2179 panem
724 2110 836 2182 dirum,
850 2127 929 2184 quem
942 2122 1034 2170 nostra
1045 2114 1181 2186 provincia
1196 2118 1266 2175 sciet
1279 2118 1378 2175 trabere
1396 2121 1577 2191 praecipuum,
1592 2123 1696 2180 coeiesti
1716 2124 1799 2181 etiam
1820 2141 1927 2186 ursona

264 2195 420 2274 condition,
435 2213 497 2258 sero
520 2200 636 2270 pulsanti
649 2201 785 2260 etiamem
799 2203 911 2274 patienti
921 2219 976 2263 non
986 2205 1113 2279 deneges.
1139 2207 1263 2265 Proiecto
1283 2209 1355 2266 enim
1383 2225 1434 2266 nec
1457 2226 1508 2284 ego
1535 2210 1642 2284 pulsare
1666 2215 1804 2284 cessabo,
1831 2217 1926 2275 donee

266 2286 326 2362 ipse
337 2290 471 2350 concedas
484 2309 492 2348 a
505 2299 535 2350 ut
547 2293 619 2364 quud
636 2309 691 2351 nun
706 2295 832 2367 impetrat
844 2295 1032 2369 privilegium,
1047 2297 1094 2355 ubi
1112 2298 1215 2355 nntium
1230 2307 1272 2357 cst
1294 2301 1437 2372 meritum,
1451 2303 1547 2360 saltem
1571 2303 1705 2362 indelessa
1727 2300 1925 2376 importunitas

265 2389 411 2442 mucamr.

714 2519 717 2528 ⁴
792 2520 796 2529 ·
831 2495 834 2500 ’
872 2515 1279 2612 'subrueremus

406 2659 521 2716 Domino
534 2661 675 2718 sinceriter
686 2660 875 2727 diiectissimo,
888 2657 967 2718 tratri
978 2670 1007 2718 et
1016 2663 1184 2743 condiacono
1198 2664 1415 2735 Quonuuuruuc,
1438 2667 1607 2724 dunusrrrrns
1619 2667 1771 2739 episcopus.

301 2745 327 2814 l.
342 2757 409 2816 Cum
428 2759 494 2814 milri
505 2758 563 2814 baec
575 2757 708 2814 scribendi
722 2759 864 2814 oiierretur
877 2739 982 2814 occasio
995 2774 1045 2831 per
1056 2759 1245 2818 Fussalensem
1259 2760 1464 2832 presbyterum,
1488 2777 1577 2832 quem,
1596 2762 1757 2820 commendo
1781 2761 1923 2821 (lbaritati

264 2843 335 2920 'tuaeq
350 2848 473 2914 recensui
494 2849 634 2921 epistolam
647 2858 732 2913 tuam,
754 2849 847 2920 inqua
868 2850 953 2920 petis,
967 2857 997 2905 nt
1020 2849 1056 2906 de
1067 2850 1231 2916 haeresibus,
1254 2865 1314 2921 que
1325 2851 1390 2905 oriri
1404 2859 1548 2922 potuerunt
1560 2867 1594 2907 er
1605 2866 1659 2921 quo
1671 2851 1776 2906 Domini
1790 2852 1818 2906 in
1834 2867 1923 2911 carne

265 2943 382 3001 nuntiari
394 2943 475 3014 coepit
488 2941 634 3010 adrentus,
656 2941 755 3012 aliquid
783 2940 939 2998 scriberem.
961 2941 1019 2998 lion
1043 2951 1133 3000 autern
1147 2943 1215 3009 ieci,
1230 2949 1260 2997 ut
1280 2941 1400 2998 uiderem
1422 2950 1511 3029 utrum
1521 2942 1577 3013 jam
1590 2941 1715 2998 deberem
1733 2954 1805 3012 upus
1826 2943 1923 3012 ipsum

266 3023 393 3105 igqrcdi,
406 3041 433 3090 et
443 3031 505 3089 inde
521 3030 680 3110 tibialiquid
694 3032 818 3100 mittere;
832 3033 878 3088 ubi
891 3033 1077 3090 considerares
1089 3043 1164 3091 tanto
1176 3047 1238 3091 esse
1248 3031 1398 3100 diiiiciiius,
1413 3041 1515 3105 quanto
1528 3033 1570 3089 uis
1580 3031 1653 3090 ellici
1663 3032 1783 3088 breuius.
1803 3032 1863 3090 Sed
1882 3048 1923 3094 ns

264 3124 315 3185 imc
325 3125 433 3198 quidem
444 3127 518 3197 potui
528 3169 536 3194 ,
548 3124 646 3182 talibus
660 3125 732 3180 curis
745 3126 994 3197 superuenientibus
1004 3126 1166 3198 impeditus,
1181 3141 1199 3184 a
1216 3125 1313 3199 quibus
1325 3126 1436 3184 omuino
1445 3125 1616 3184 dmimuiarc
1627 3139 1682 3183 non
1705 3137 1817 3196 possem
1830 3145 1839 3185 ε
1853 3138 1922 3186 narn

264 3233 309 3277 nte
319 3227 347 3276 et
359 3218 392 3275 ab
402 3231 445 3287 eo,
459 3217 530 3289 quod
542 3217 673 3274 habebam
686 3216 712 3273 in
723 3215 864 3285 manibus,
883 3225 1050 3274 averterunt.
1908 3300 1912 3309 ¹

299 3311 327 3367 2.
342 3309 400 3368 linc
411 3318 501 3381 autem
508 3316 550 3366 est
561 3307 606 3365 ubi
619 3307 769 3380 respondeo
781 3303 857 3364 libris
871 3307 979 3376 iuliani,
994 3322 1062 3379 quos
1073 3316 1136 3364 octo
1148 3307 1231 3365 edidit
1241 3315 1302 3379 pust
1313 3307 1376 3364 iiius
1388 3316 1513 3379 quatuor,
1525 3308 1623 3380 quibus
1635 3308 1920 3378 percrepantibus

264 3383 339 3460 enim·
349 3417 409 3458 cum
423 3401 516 3457 ilumee
525 3400 673 3471 accepisset
685 3398 769 3456 irater
778 3395 900 3472 Alypius,
912 3399 1033 3455 nondum
1043 3413 1136 3456 omues
1147 3399 1342 3472 descripserat,
1356 3415 1418 3457 cum
1427 3399 1545 3456 oblatam
1557 3400 1728 3457 occasionem
1741 3401 1830 3476 noluit
1843 3417 1919 3473 pre·

266 3493 363 3566 semro,
378 3507 515 3566 perquam
530 3490 596 3548 mibi
606 3491 724 3563 quinque
737 3489 902 3556 transmisit;
915 3490 1076 3561 promittens
1087 3490 1155 3547 aiios
1168 3498 1222 3548 tres
1231 3491 1285 3547 cito
1299 3507 1329 3548 se
1339 3505 1400 3548 csse
1409 3492 1571 3559 missurum,
1586 3499 1615 3548 et
1632 3491 1746 3547 muitum
1759 3491 1867 3548 instans
1883 3507 1920 3550 ne

264 3585 427 3658 respondere
437 3583 583 3642 differrem.
591 3581 674 3654 Cuius
684 3580 925 3639 instantia'coactus
935 3596 994 3638 sum
1005 3582 1144 3640 remissius
1154 3597 1233 3654 agere
1243 3583 1315 3654 quod
1326 3584 1454 3654 aqebam3
1467 3592 1495 3640 ut
1502 3585 1578 3654 operi
1590 3583 1696 3655 utrique
1705 3599 1759 3640 non
1768 3584 1917 3652 desuem,

264 3677 310 3734 uni
325 3677 428 3745 diebus,
440 3675 516 3731 alteri
527 3672 660 3741 noctibus,
673 3669 780 3744 quando
789 3671 855 3728 mibi
868 3671 902 3729 ab
916 3671 975 3728 aliis
988 3671 1206 3744 occupationibus
1220 3671 1283 3728 irinc
1294 3681 1374 3743 atque
1386 3671 1450 3728 irinc
1462 3674 1553 3730 uenire
1568 3688 1622 3731 uon
1634 3672 1828 3730 desistentibus
1849 3687 1916 3744 par·

264 3769 379 3826 celetur.
394 3767 511 3839 ligabam
524 3777 590 3820 reru
602 3777 661 3820 rem
682 3762 826 3834 plurimum
846 3763 1027 3819 necessariam
1041 3777 1049 3816 a
1062 3777 1124 3818 nam
1143 3762 1320 3818 retractabam
1346 3762 1475 3829 opuscula
1495 3777 1572 3830 mea,
1587 3771 1617 3820 et
1640 3760 1743 3834 siquid
1763 3761 1793 3818 in
1816 3760 1858 3818 cis
1872 3777 1920 3818 mc

264 3857 414 3914 attenderet
427 3899 435 3926 ,
449 3855 492 3912 uei
504 3855 570 3909 aiios
580 3853 718 3911 offendere
729 3863 836 3926 posset,
848 3855 945 3926 partim
960 3853 1200 3928 reprehendendo,
1214 3855 1310 3924 partim
1324 3853 1509 3924 defendendo,
1524 3856 1597 3927 quod
1613 3856 1666 3928 ieqi
1675 3855 1788 3913 deberet
1810 3863 1841 3912 et
1852 3869 1919 3928 pos-

266 3949 325 4020 s'et,
339 3947 478 4022 operabar.
499 3945 534 4002 tlt
547 3946 601 4002 duo
616 3945 751 4003 uolumina
762 3948 819 4018 jam
829 3946 1014 4016 absolveram,
1031 3948 1183 4004 retractatis
1194 3948 1318 4004 omnibus
1331 3947 1407 4006 libris
1421 3951 1504 4016 meis,
1523 3964 1638 4021 quorum
1653 3963 1797 4006 numerum
1810 3951 1918 4008 nescie-

266 4043 327 4101 bam
344 4061 351 4100 :
366 4055 467 4113 eosque
479 4038 608 4097 ducentos
622 4039 729 4111 triginta
749 4039 816 4096 duos
842 4053 902 4096 esse
927 4037 1051 4109 cognom.
1066 4039 1216 4096 Restabant
1229 4040 1368 4110 epistole,
1388 4038 1486 4098 deinde
1507 4049 1633 4100 tractatus
1658 4040 1822 4112 populares,
1846 4057 1917 4113 quos

264 4134 350 4191 Greci
363 4133 487 4190 humilias
500 4137 604 4188 uncam.
621 4129 654 4186 iit
664 4129 855 4202 plurimasjam
866 4129 1038 4200 epistolarum
1051 4129 1169 4202 legeram
1181 4128 1345 4198 ,sedadbuc
1359 4129 1426 4186 nibil
1440 4130 1503 4187 inde
1516 4129 1695 4198 dictaveram,
1705 4144 1769 4185 cunr
1777 4132 1915 4188 mcetiam

266 4225 311 4284 isti
324 4225 421 4283 iuliani
436 4222 497 4280 iibri
512 4233 645 4293 occupare
667 4230 824 4293 coeperunt,
851 4235 965 4292 quorum
989 4235 1062 4277 nune
1087 4230 1183 4293 quarto
1205 4221 1368 4293 respondere
1380 4221 1462 4292 coepi.
1476 4221 1589 4288 Quando
1600 4235 1665 4291 erqo
1678 4220 1706 4276 id
1719 4222 1916 4294 explicavero,

248 4301 249 4307 ἵ
265 4319 411 4391 quintoque
423 4311 603 4388 respondero,
619 4313 642 4370 si
657 4319 711 4369 tres
729 4328 783 4369 non
807 4313 1028 4402 supervenerint,
1043 4312 1158 4384 dispono
1169 4313 1204 4385 (si
1217 4313 1290 4370 mus
1303 4311 1429 4387 uoluerit)
1440 4322 1468 4370 et
1480 4312 1552 4384 quod
1571 4313 1659 4384 poscis
1677 4313 1819 4384 incipere,
1834 4316 1917 4372 simrrl

266 4423 347 4483 agens
358 4417 512 4479 utrumque,
527 4413 554 4463 et
568 4405 621 4461 boc
633 4405 751 4474 scilicet,
767 4416 796 4462 et
809 4405 875 4462 iilud
888 4405 922 4463 ‹le
935 4406 1127 4465 retractatione
1139 4405 1329 4478 opusculorum
1341 4421 1481 4477 meorum,
1495 4407 1633 4464 nocturnis
1645 4413 1674 4463 et
1687 4405 1793 4466 diurnis
1808 4417 1918 4482 tempu-

265 4503 341 4562 ritus
352 4503 381 4559 ln
393 4499 496 4574 singula
510 4497 670 4556 distributis.

299 4599 329 4655 ¹5.
346 4595 403 4654 llos
414 4595 475 4653 ideo
489 4592 625 4651 insinuavi
638 4591 778 4648 sanctitati
792 4601 859 4660 tum,
873 4599 902 4647 ut
916 4599 1046 4664 quantum
1060 4591 1109 4648 tibi
1120 4590 1283 4647 desiderium
1293 4599 1335 4646 est
1349 4589 1472 4673 sumendi
1481 4588 1552 4662 quod
1561 4591 1660 4663 poscis,
1672 4599 1746 4648 tanto
1755 4591 1916 4664 iiagrantius

266 4704 282 4748 a
297 4689 411 4746 Domino
424 4687 489 4745 mibi
504 4697 599 4757 poscas
612 4682 856 4754 adjutoriumque
870 4685 985 4740 serrium
998 4683 1123 4740 laudabili
1137 4683 1226 4739 studio
1238 4691 1295 4750 tuo,
1306 4690 1386 4754 atque
1398 4681 1505 4739 utilitati
1516 4697 1611 4740 eurum
1625 4683 1720 4755 quibus
1728 4682 1757 4739 id
1770 4684 1916 4741 existimas

266 4783 451 4856 prciutnrum,
467 4779 575 4837 domiue
588 4776 728 4832 sinceriter
741 4774 915 4835 dilectissime
924 4777 1019 4836 irater.
1033 4777 1200 4836 Commendo
1212 4777 1310 4834 iterum
1325 4778 1487 4850 perlatorem
1503 4817 1512 4846 ,
1525 4788 1554 4838 et
1565 4781 1702 4853 neqotium
1715 4781 1915 4854 propterquod

261 4885 301 4936 'eu
314 4876 446 4948 perrerit;
460 4874 483 4930 si
494 4869 652 4944 coqrroueris
664 4867 734 4940 apud
749 4885 827 4945 quem
841 4870 973 4944 agendum
985 4872 1037 4940 sit,
1054 4882 1119 4944 peto
1131 4885 1166 4927 ne
1179 4871 1269 4943 piqeat
1278 4871 1414 4942 adjurare.
1426 4871 1566 4930 Nuncuirn
1582 4888 1726 4944 possumus
1735 4877 1914 4933 necessitates

267 4969 405 5028 bominum
420 4963 551 5041 ejusmodi
564 4961 704 5032 deserere,
715 4962 761 5034 qui
775 4965 860 5022 nostri
872 4981 927 5023 non
941 4966 1047 5038 coloni,
1059 4965 1123 5038 sed,
1136 4963 1209 5037 quod
1221 4964 1310 5040 majtu
1323 4972 1375 5034 est,
1388 4963 1485 5026 iratres
1501 4973 1576 5038 sunt,
1589 4974 1617 5024 ct
1628 4965 1656 5023 in
1668 4965 1798 5026 cbaritatc
1810 4966 1912 5027 curus

267 5063 301 5120 ad
312 5077 404 5121 curam
418 5059 553 5136 pertinent
565 5061 695 5114 nostram.
707 5055 764 5114 Deo
778 5059 862 5117 ritas.
974 5073 976 5078 ·
1037 5081 1053 5092 ·
