4034 6334
259 255 291 312 fl
979 237 1170 298 PltrlithlO.
1862 256 1898 316 η

261 370 382 452 ctrina,
399 364 553 442 eruditio,
567 362 805 444 scripturarum
820 360 947 441 peritia,
964 360 1162 439 eloquentia,
1190 359 1373 445 prudentia
1385 365 1418 425 st
1433 363 1609 432 dexteritas
1624 413 1632 443 ,
1658 371 1696 432 nt
1709 368 1743 433 ln
1758 374 1892 452 proprio

262 452 454 587 argumongo
467 439 1200 587 lumieersseslffingogxopolicciagrttst,edupzrvirtrigtetntium
1222 441 1485 506 adversariorum
1502 446 1641 526 impetus
1664 468 1775 514 omnes
1790 454 1892 515 animi

261 543 618 686 neiirissviroegvsmniam
652 602 816 665 lurasunt
830 537 1000 690 hugusiini
1018 600 1178 662 Polemica
1199 599 1367 739 opuscula,
1386 619 1485 680 quam
1505 608 1541 666 ut
1562 606 1596 669 in
1614 625 1717 676 unum
1741 611 1895 673 volumen

263 688 334 766 cogi
372 686 494 758 ossint3
509 681 599 755 eain
646 697 720 746 ures
734 682 836 744 tomos
852 679 966 756 partiri
980 681 1202 741 necessarium
1234 681 1291 742 uit.
1306 681 1345 741 Et
1359 682 1483 759 primus
1499 685 1628 761 quidem
1644 705 1682 749 ea
1697 705 1769 764 que
1780 691 1895 752 adver·

263 785 320 828 sus
366 763 541 835 anicbreos,
556 757 827 830 Priscillianistas,
844 757 1028 820 athrianos
1051 759 1180 822 condita
1199 763 1276 821 sunt
1290 760 1519 838 complectetur
1535 781 1542 820 ε
1558 764 1596 825 de
1606 767 1730 902 guribus
1746 768 1798 831 hic
1811 770 1895 830 mul-

263 847 304 907 tis
332 842 459 924 preclari
483 841 622 902 otiosum
656 841 688 898 et
711 852 990 918 supervacaneum
1019 837 1136 911 inerit3
1157 857 1231 905 curn
1258 838 1364 918 primo
1389 839 1461 900 loco
1489 859 1561 902 sese
1585 860 1605 903 o
1630 849 1698 905 erat
1720 848 1895 925 Augustini

261 925 345 986 liber
359 923 398 984 de
409 920 610 1056 Herestibus,
625 915 659 976 in
675 933 741 994 quo
756 914 925 1008 historiam
937 916 1055 994 harum
1080 916 1292 997 omniumque
1307 917 1475 980 haereseon
1489 923 1681 1000 compendio
1701 924 1896 1004 descriptam
1929 927 1935 1003 ξ

263 1003 366 1065 lector
381 1000 511 1063 invenie
527 1042 534 1058 .
1531 1056 1534 1060 Α

303 1081 555 1145 Manichaeorum
569 1073 739 1145 heresim,
763 1089 830 1151 qua
853 1072 1004 1151 deceptus
1028 1078 1126 1152 atque
1151 1075 1292 1137 imbutus
1313 1076 1419 1139 luerat
1432 1077 1633 1151 adolescens,
1658 1083 1766 1142 statim
1787 1100 1807 1145 a
1832 1101 1893 1146 sno

264 1161 306 1224 ba
328 1161 423 1224 tismo
438 1171 610 1236 aggressus
626 1156 675 1214 est
688 1152 931 1213 strenuissimus
943 1169 988 1230 pu
1012 1149 1056 1225 'l,
1074 1153 1220 1232 quinque
1234 1155 1325 1217 libris
1342 1157 1376 1217 in
1391 1171 1448 1217 eos
1464 1157 1569 1232 editis,
1587 1177 1704 1237 nempe
1718 1160 1760 1222 de
1775 1162 1894 1238 Libero

264 1179 419 1312 Arbitrio,
440 1235 479 1296 de
503 1231 618 1296 Genesi
635 1229 964 1324 contra-Manicheam,
982 1167 1177 1323 &Moribus
1203 1234 1354 1296 Ecclesia
1371 1235 1537 1303 catholice
1548 1281 1557 1310 ,
1570 1236 1609 1296 de
1632 1238 1776 1303 Moribus
1790 1241 1894 1307 Mani·

265 1318 440 1391 chasatum,
462 1317 494 1382 et
506 1313 544 1377 de
558 1311 645 1375 vere
655 1310 822 1388 liebgrone
838 1321 941 1400 :uquos
953 1319 1037 1400 'nura
1052 1311 1235 1390 neophytus
1249 1316 1279 1373 et
1295 1312 1437 1374 nondum
1452 1315 1623 1395 presbyter
1644 1320 1842 1398 composuit,
1859 1321 1896 1382 in

264 1396 370 1478 primo
386 1395 484 1466 tomo,
514 1395 550 1456 ut
562 1389 597 1450 in
620 1391 717 1450 antea
738 1388 963 1468 vulgat1s‚relt
986 1389 1107 1450 nimus.
1128 1389 1195 1450 Hos
1210 1389 1310 1451 libros
1327 1394 1460 1454 nomine
1472 1395 1683 1459 Pentateuchi
1701 1401 1895 1464 contralda·

265 1473 407 1556 piciens
420 1469 567 1609 designat
579 1465 735 1530 Paulinus
753 1466 788 1531 in
803 1466 940 1544 epistola
1017 1467 1102 1529 inter
1118 1467 1384 1557 augustinianas,
1398 1471 1573 1551 laudatque
1587 1474 1620 1536 in
1635 1475 1722 1537 hunc
1735 1477 1865 1543 modum
1884 1499 1893 1539 ε

266 1577 281 1627 t
298 1553 473 1628 Olucerna
507 1549 581 1629 igue
593 1563 693 1626 supra
705 1545 936 1610 candelabrum
949 1545 1100 1608 Ecclesia
1114 1552 1229 1626 posita,
1247 1565 1320 1627 qua
1334 1550 1400 1612 late
1411 1553 1577 1616 catholicis
1594 1554 1728 1616 urbibus
1744 1555 1782 1618 de
1797 1559 1895 1635 septi·

266 1656 282 1699 n
299 1631 391 1697 lornei
406 1627 524 1710 lychno
544 1629 674 1706 pastum
697 1625 771 1686 oleo
785 1625 902 1689 laetitiae
931 1625 1043 1690 lumen
1069 1623 1249 1700 effundens,
1272 1628 1389 1690 densas
1404 1630 1479 1692 licet
1494 1633 1719 1696 haereticorum
1733 1635 1891 1714 caligines

267 1735 282 1772 a
299 1709 453 1780 discutis,
468 1713 499 1770 et
521 1707 626 1768 lucem
642 1703 785 1768 veritatis
801 1703 1024 1767 aeoniusione
1043 1706 1251 1768 tenebrarum
1266 1707 1437 1785 splendore
1451 1710 1582 1773 clarifici
1598 1717 1755 1776 sermonis
1771 1716 1894 1782 enubi-

267 1814 282 1852 n
297 1791 347 1854 las
362 1791 370 1852 l
388 1787 581 1850 »Hactenus
597 1784 750 1848 Paulinus
765 1782 805 1846 de
826 1783 937 1876 primis
948 1781 1014 1845 lllis
1035 1783 1070 1845 in
1083 1785 1278 1847 Manicheos
1294 1787 1443 1864 scriptis;
1459 1789 1493 1850 in
1516 1791 1634 1870 quibus
1649 1793 1676 1854 si
1699 1798 1826 1858 tantum
1840 1795 1892 1858 lu·

265 1867 363 1941 minis
386 1885 424 1932 ac
449 1860 629 1947 splendoris
644 1861 871 1941 deprehendit,
887 1861 1030 1946 quid-de
1051 1863 1123 1924 aliis
1141 1866 1435 1943 subsequentibus,
1450 1885 1522 1946 quaa
1536 1886 1711 1949 progressu
1735 1876 1889 1955 temporis

265 1967 298 2013 m
322 1946 388 2010 'ore
409 1942 576 2026 diligentia
590 1948 622 2011 et
634 1960 745 2009 verum
760 1959 823 2004 usu
843 1942 885 2004 ab
899 1942 1082 2022 Augustino
1106 1943 1234 2006 condita
1254 1949 1349 2019 sunt,
1370 1947 1620 2024 exspectandum
1643 1951 1715 2010 esti

299 1966 356 2090 Ἐκ
371 2025 421 2088 bis
462 2023 580 2095 simum
593 2019 679 2102 quod
702 2024 885 2100 asusoepto
899 2020 1079 2084 sacerdotio
1101 2024 1328 2102 composuitin
1370 2024 1486 2086 ratiam
1514 2028 1609 2089 amici
1632 2030 1683 2089 sui
1709 2029 1891 2109 Honorati,

266 2105 323 2186 qui
337 2105 445 2182 dianio
497 2119 590 2166 ortam
615 2099 781 2164 erroribus
796 2101 979 2174 tenebatur,
1006 2101 1046 2162 de
1067 2101 1210 2164 Utilitate
1223 2102 1339 2164 creden
1360 2103 1566 2185 iinscripsit,
1581 2109 1638 2169 ubi
1652 2107 1702 2171 his
1725 2111 1895 2188 praeclaris.

265 2203 347 2253 usus
363 2189 413 2262 est
425 2182 544 2256 verbis,
560 2197 634 2260 qum
648 2179 681 2241 in
694 2179 799 2243 ircute
809 2179 1045 2242 Polemicorum
1055 2181 1158 2259 ipsius
1172 2198 1307 2260 operum
1318 2182 1463 2244 adbiberi
1478 2189 1653 2248 merentur.
1667 2210 1683 2246 a
1696 2188 1774 2262 Qua
1790 2195 1825 2251 ut
1836 2191 1896 2252 tibi

268 2287 283 2322 a
299 2265 444 2345 prosint,
460 2265 518 2324 aut
529 2264 616 2325 certe
632 2258 713 2320 nibil
728 2258 856 2332 obsint,
875 2259 1092 2338 omnibusque
1106 2261 1251 2340 omniuo,
1267 2277 1408 2339 quorum
1421 2262 1456 2322 in
1471 2280 1585 2325 manus
1599 2265 1679 2328 lorte
1691 2267 1890 2344 devenerint,

269 2349 333 2420 net
346 2341 458 2426 rogavi
475 2341 596 2418 Deum,
611 2342 644 2402 et
663 2355 766 2418 rogos
782 2342 815 2400 et
837 2355 934 2416 spero
953 2338 999 2401 ita
1023 2337 1113 2412 lore,
1136 2340 1164 2400 si
1186 2341 1269 2401 bone
1281 2341 1361 2400 mihi
1382 2341 1530 2402 conscius
1548 2361 1631 2416 sum,
1646 2346 1732 2424 qnod
1752 2345 1895 2410 adhunc

268 2445 284 2480 «
303 2423 413 2488 stilum
427 2421 482 2501 pio
497 2423 529 2482 et
542 2416 685 2486 officioso
713 2417 834 2492 animo,
848 2434 915 2480 non
931 2419 1005 2481 vani
1030 2417 1171 2480 nominis
1185 2419 1381 2497 appetitione
1400 2424 1457 2484 aut
1479 2423 1658 2500 nugatoria.
1669 2426 1893 2491 ostentationis

268 2524 283 2562 s
301 2500 423 2566 accessi
440 2521 455 2558 e
474 2495 568 2582 (cap.
585 2498 640 2578 1).,
658 2496 814 2560 Posthac
834 2497 964 2560 eosdem
979 2497 1173 2559 Manichacus
1188 2496 1294 2559 denuo
1309 2498 1485 2578 exagitavit
1505 2501 1589 2560 edito
1613 2502 1695 2565 libro
1708 2503 1746 2564 de
1757 2503 1893 2567 Duabus

265 2580 409 2654 Naturis,
422 2595 560 2660 quarum
574 2572 722 2642 dicebaut
735 2592 834 2639 unam
847 2581 972 2654 partem
982 2575 1041 2639 Dei
1058 2593 1150 2651 esse,
1166 2576 1300 2640 alteram
1313 2577 1353 2638 de
1373 2583 1468 2660 gente
1482 2582 1687 2645 tenebrarum
1704 2600 1795 2662 :qua
1809 2584 1895 2646 deli-

265 2663 413 2724 ramenta
429 2657 608 2738 perspicuis
622 2659 654 2718 et
666 2672 686 2720 a
699 2654 822 2716 lumine
836 2655 978 2717 naturali
992 2655 1098 2732 petitis
1111 2657 1292 2717 rationibus
1308 2656 1355 2717 sic
1373 2656 1482 2730 eludit,
1498 2662 1535 2727 nt
1547 2660 1648 2740 magis
1664 2662 1788 2723 animos
1804 2680 1895 2724 com-

266 2734 437 2814 movendo,
455 2753 554 2816 quam
569 2733 774 2813 disputando,
790 2733 994 2798 adversarios
1014 2733 1054 2794 ad
1066 2735 1211 2796 veritatis
1226 2735 1425 2813 agnitionem
1438 2733 1591 2800 reducere
1604 2739 1769 2814 videatur3
1782 2740 1894 2804 dolens

266 2817 398 2883 interim
413 2813 500 2895 quod
513 2815 590 2879 olim
605 2812 734 2879 easdem
754 2812 897 2876 rationes
911 2830 977 2874 non
993 2812 1204 2883 adhibuisset,
1222 2818 1259 2872 ut
1271 2830 1313 2873 ne
1336 2813 1370 2873 in
1395 2815 1594 2891 pravissimae
1612 2825 1707 2880 secta
1717 2820 1894 2911 perniciem

266 2897 444 2958 laberetur.
457 2893 515 2956 His
542 2908 640 2972 porro
655 2891 781 2970 scriptis
809 2895 841 2954 et
855 2892 1008 2974 gravibus
1024 2891 1092 2952 suis
1107 2891 1148 2952 ad
1175 2892 1331 2969 populum
1349 2893 1561 2960 concionibus
1575 2895 1621 2958 ila
1638 2913 1781 2958 omnium
1798 2900 1832 2959 in
1857 2919 1894 2963 se

266 2975 515 3049 admirationem
532 2971 700 3043 excitavit,
716 2973 755 3032 ut
775 2969 865 3032 illam
892 2985 1025 3032 oausam
1039 2969 1163 3032 salvam
1181 2976 1213 3030 et
1235 2986 1349 3032 sanam
1363 2976 1554 3049 reputarent
1574 2992 1697 3048 omnes,
1716 2993 1816 3054 quam
1842 2979 1895 3041 vir

264 3059 365 3120 tante
379 3049 609 3124 moderationis
622 3053 655 3113 et
670 3048 876 3124 sinceritatis,
888 3052 985 3112 tante
995 3047 1189 3111 doctrinmet
1200 3049 1392 3127 eloquentie
1400 3058 1646 3133 propugnasset.
1658 3055 1740 3117 Hinc
1750 3061 1798 3117 est
1807 3057 1896 3136 quod

265 3135 329 3214 Hip
353 3151 416 3198 one
429 3128 625 3209 civitateper
634 3129 848 3200 Fortunatum
871 3130 1096 3208 presbyterum
1109 3128 1322 3190 manicheum
1336 3147 1487 3209 magnam
1510 3138 1633 3209 partem
1647 3138 1811 3213 corrupta,
1826 3155 1895 3200 uon

266 3231 320 3276 mo
376 3209 544 3284 Catholici,
561 3207 616 3272 sed
636 3212 666 3272 et
682 3208 856 3273 Donatista
872 3212 1020 3272 sanctum
1033 3207 1205 3269 hectorem
1229 3209 1269 3270 ad
1283 3209 1482 3288 singularem
1496 3228 1569 3272 cum
1585 3229 1624 3272 eo
1644 3211 1894 3293 disputationem

140 3287 142 3290 ’
267 3290 461 3368 adduxerint
476 3309 484 3351 ε
498 3307 540 3358 ex
567 3305 634 3367 qua
657 3287 702 3350 ita
733 3285 918 3352 debilitatus
946 3291 978 3348 et
991 3285 1112 3350 tractus
1126 3289 1259 3350 recessit
1284 3288 1497 3361 Fortunatus,
1513 3293 1549 3350 ut
1568 3290 1638 3371 ejus
1664 3293 1895 3370 pestilentissi-

266 3389 319 3433 mo
342 3369 491 3451 contagio
507 3367 732 3448 Hipponenses
745 3383 856 3430 omnes
871 3366 1021 3445 deinceps
1035 3367 1211 3428 caruerint.
1226 3367 1389 3429 Possidius
1411 3369 1562 3430 describit
1583 3387 1774 3451 prosperum
1789 3369 1895 3447 tortu-

267 3455 446 3530 natumque
460 3465 648 3512 successum
662 3446 797 3526 hujusce
820 3445 1002 3510 collationis
1019 3446 1072 3526 (ln
1087 3447 1161 3509 Vita
1175 3447 1271 3527 Aee,
1289 3463 1356 3526 cop.
1372 3447 1417 3527 ti),
1433 3447 1526 3527 cujus
1539 3453 1612 3511 acta
1623 3449 1675 3511 hic
1687 3449 1892 3513 referuntur:

267 3548 310 3594 ex
326 3529 444 3610 quibus
457 3527 608 3590 discimus
621 3526 785 3591 hominem
796 3525 1063 3602 loquacissimum
1083 3525 1123 3588 ad
1138 3543 1240 3587 unum
1255 3526 1428 3606 Augustini
1443 3532 1669 3609 argumentum
1685 3529 1695 3610 (
1709 3527 1792 3591 idem
1805 3531 1895 3592 scili-

266 3613 317 3673 cet
330 3609 416 3704 quod
433 3607 510 3670 olim
526 3606 711 3682 aNebridic
723 3605 869 3671 audierat
881 3606 923 3681 [a]
937 3603 948 3696 )
964 3607 1011 3666 ita
1029 3605 1242 3678 obmutuisse,
1261 3611 1298 3666 ut
1311 3608 1439 3744 captato
1456 3624 1515 3685 per
1529 3608 1667 3685 speciem
1680 3626 1756 3671 suos
1768 3625 1895 3670 consu-

264 3688 353 3757 lendt
367 3687 508 3752 asseclas
523 3685 564 3752 ad
584 3684 845 3764 respondendum
863 3687 967 3760 spatio
981 3727 990 3757 ,
1006 3683 1092 3760 turpi
1115 3683 1192 3763 luga
1208 3702 1248 3746 ex
1261 3687 1343 3746 urbe
1385 3685 1523 3763 ippone,
1536 3686 1895 3753 nedumexcollatione

266 3767 451 3849 aufugerit,
471 3782 640 3844 nunquam
655 3783 694 3828 eo
708 3763 884 3828 rediturus.
898 3764 1028 3825 Patrata
1039 3762 1101 3824 hac
1113 3763 1259 3838 victoria,
1279 3765 1447 3843 aliquanto
1462 3771 1535 3843 post
1549 3783 1724 3845 procusum
1744 3771 1793 3830 cst
1807 3784 1896 3846 opn-

265 3847 394 3915 soulum
406 3850 520 3911 contra
532 3845 737 3920 Adimantum
753 3864 759 3902 :
777 3859 842 3922 quo
856 3843 890 3904 in
906 3859 1003 3921 opere
1018 3843 1143 3905 Veteris
1157 3860 1195 3905 ac
1204 3843 1286 3906 Novi
1300 3845 1498 3907 Testamenti
1508 3843 1580 3908 loca
1603 3846 1699 3922 simul¹
1711 3845 1895 3918 conciliau-

266 3929 332 4068 αὖ,
349 3924 529 4066 εαῑίἒίὶὲᾳιιθ
543 3923 803 4062 cavillationibus
817 3939 900 4000 quas
918 3941 959 3984 ex
977 3923 1058 3985 locis
1073 3923 1137 3986 illis
1163 3928 1325 3987 veterator
1341 3925 1413 3999 iste,
1432 3923 1601 3988 Manichaei
1616 3925 1780 4006 quondam
1794 3925 1896 3988 disci-

324 4023 383 4079 us,
425 4017 593 4064 euxera.
1769 4065 1774 4072 ,

265 4020 288 4085 p
305 4082 394 4146 Idem
417 4083 451 4144 in
466 4079 662 4149 Mauicbeos
677 4082 840 4142 certamen
858 4085 1051 4156 prosecutus
1064 4085 1113 4141 eet
1127 4081 1328 4161 Augustinus
1341 4083 1409 4163 jam
1430 4085 1613 4162 episcopus,
1629 4082 1803 4148 refellendo
1822 4084 1896 4165 pri-

157 4204 159 4213 ·
265 4172 356 4227 munt
380 4151 550 4226 Manichaei
565 4158 764 4238 Epistolam,
791 4157 1003 4220 Fundamenti
1029 4159 1247 4236 appellatam,
1272 4163 1306 4222 in
1337 4177 1403 4239 qua
1428 4163 1526 4233 totius
1554 4181 1715 4241 perversa
1744 4161 1897 4226 doctrinm

266 4259 394 4306 summa
410 4241 647 4311 continebatur,
668 4237 701 4300 id
713 4241 761 4303 est
775 4259 789 4296 n
805 4235 958 4301 doctrine
970 4236 1113 4311 initium,
1137 4239 1290 4313 medium,
1309 4243 1341 4301 et
1362 4240 1448 4310 finis,
1468 4245 1636 4303 »testante
1657 4243 1763 4305 Felice
1789 4241 1898 4304 mani-

266 4323 355 4394 obeo
383 4319 487 4384 ΗΜ
510 4319 547 4382 de
560 4317 648 4382 Actis
670 4335 739 4379 cum
753 4317 878 4384 Felice,
900 4334 967 4396 cup.
990 4315 1033 4394 1).
1056 4317 1145 4379 Unde
1161 4322 1252 4382 tanta
1266 4322 1306 4380 ab
1321 4319 1399 4397 ipsis
1420 4319 1605 4383 Manichais
1621 4322 1803 4385 reverentia
1826 4321 1897 4382 haec

267 4395 1573 4544 tlt‘tiaratae'latialitlhlltttththh‘tlthialaaliti
1581 4398 1897 4544 tabatha

267 4557 440 4628 lectionem
454 4576 496 4621 ex
510 4497 641 4636 optinui
652 4559 736 4619 nota
753 4520 862 4618 ctidloe
877 4554 1075 4630 Corbeiensi,
1093 4557 1194 4636 vlpsa
1208 4558 1295 4620 enim
1313 4523 1405 4620 nobis
1420 4559 1475 4620 illo
1491 4563 1635 4640 tempore
1650 4498 1775 4622 mlieris
1791 4574 1898 4636 quan-

268 4660 284 4698 «
300 4637 341 4702 do
355 4638 438 4701 lecta
452 4643 520 4713 est,
536 4636 709 4700 illuminati
721 4634 909 4698 dicebamur
926 4653 946 4698 a
963 4635 1080 4698 vobis»
1098 4637 1190 4717 (dib.
1205 4645 1316 4700 contre
1331 4638 1441 4716 Epist.
1457 4637 1613 4712 Monich,
1639 4656 1706 4719 cup.
1729 4637 1773 4718 5).

307 4719 357 4781 Ab
368 4717 430 4781 hac
442 4716 669 4782 lucubratione
692 4715 774 4778 torte
802 4714 928 4778 nonita
948 4715 1072 4794 pridem
1093 4733 1227 4780 manum
1241 4723 1424 4781 removerat
1446 4718 1495 4780 du
1519 4718 1666 4793 ustinus,
1685 4735 1758 4781 cum
1778 4715 1897 4778 camo-

266 4795 321 4862 lici
334 4795 423 4860 aliud
440 4795 544 4859 eidem
558 4813 641 4860 onus
665 4796 847 4873 imponunt,
875 4799 912 4856 ut
932 4795 1055 4858 scilicet
1078 4797 1288 4875 responderet
1304 4797 1345 4860 ad
1369 4798 1490 4859 librum
1533 4799 1617 4860 austi
1642 4797 1898 4861 Manichaeorum

267 4874 1411 5022 ltttdhltt‘talbatialatlittatlitltttttait
1425 4877 1897 5038 diiudicata-tlte

268 4981 341 5116 inp.
367 5035 412 5117 8).
441 4973 563 5098 Veium
589 5039 656 5098 tam
680 4973 1055 5114 megnihciiqpromissts
1071 4975 1150 5097 nonp
1167 5039 1249 5099 bene
1271 5035 1439 5115 respondit
1452 5002 1586 5100 eventus
1604 5059 1612 5097 ι
1633 5040 1699 5100 imo
1712 5056 1790 5103 vero
1814 5001 1896 5098 con1

267 5117 371 5182 traria
386 5121 473 5181 sorte
486 5113 605 5178 laetum
632 5118 679 5176 est
694 5159 702 5188 ,
718 5119 755 5175 ut
780 5115 898 5176 Doctor
913 5120 1045 5177 sanctus
1062 5116 1157 5193 quasi
1171 5117 1210 5179 de
1231 5117 1310 5178 celo
1334 5118 1452 5180 missus
1467 5118 1583 5180 merito
1597 5117 1778 5181 existimari
1792 5113 1896 5194 possit

266 5193 305 5259 ad
320 5194 514 5260 revincenda
529 5198 710 5258 commenta
724 5195 915 5274 ineptissimi
928 5195 1182 5275 prestigiatoris,
1192 5197 1248 5276 qui
1263 5197 1453 5260 miserandis
1467 5197 1561 5277 nugis
1578 5199 1754 5259 multorum
1768 5194 1895 5257 animos

266 5275 442 5338 seduxerat
456 5296 466 5348 ;
481 5274 623 5338 maximo
637 5291 714 5337 vero
726 5273 970 5338 advindicanda
982 5280 1128 5338 veterum
1142 5275 1403 5339 Patriarcharum
1415 5281 1487 5339 acta
1502 5321 1510 5350 ,
1529 5277 1648 5356 quibus
1657 5275 1828 5345 ‚inlaustus
1840 5273 1896 5334 ille

265 5353 437 5418 hereticus
453 5354 562 5419 lucum
576 5353 682 5417 lacere
702 5359 894 5419 tentaverat.
910 5356 980 5417 Hoc
992 5357 1027 5417 in
1040 5373 1138 5434 opere
1163 5374 1237 5417 cum
1252 5355 1391 5434 apostoli
1408 5357 1485 5418 lesu
1499 5355 1620 5418 Christi
1637 5374 1779 5429 nomen,
1807 5349 1898 5431 quod

264 5433 461 5496 Manichacus
476 5435 569 5496 initio
584 5434 793 5514 epistolarum
806 5453 940 5499 suarum
953 5435 1013 5497 sibi
1031 5435 1203 5510 tribuebat,
1219 5437 1260 5501 ab
1275 5435 1407 5516 indigno
1419 5434 1549 5496 homine
1563 5440 1753 5506 removeret,
1768 5437 1894 5510 tempus

265 5519 387 5576 exorta
401 5513 498 5593 hujus
520 5513 652 5578 heresis
676 5513 770 5578 nobis
786 5515 906 5579 indicat
928 5515 987 5577 Vir
1011 5520 1155 5589 sanctus,
1171 5515 1281 5595 aitque
1296 5520 1466 5591 constare,
1484 5538 1500 5574 a
1516 5531 1582 5575 non
1596 5516 1702 5576 solum
1736 5518 1786 5576 ost
1812 5514 1895 5572 Ter-

265 5593 491 5668 «tullianum,
518 5611 632 5656 verum
656 5596 752 5660 etiam
778 5600 851 5676 post
871 5591 1068 5676 cyprianum
1097 5594 1181 5658 banc
1206 5595 1354 5656 heresim
1378 5593 1478 5656 luisse
1512 5597 1661 5658 exortam
1676 5617 1691 5652 s
1709 5534 1806 5674 flab-
1830 5589 1897 5668 13,

262 5689 332 5754 cop.
357 5671 412 5754 d).
435 5673 519 5736 Huic
549 5675 715 5738 sententias
751 5675 923 5740 concordat
954 5674 1173 5753 Epiphanius,
1202 5675 1259 5759 qui
1276 5673 1439 5757 ejusdem
1466 5674 1597 5742 heresis
1613 5680 1733 5762 ortum
1762 5675 1898 5743 revocat

294 5775 332 5840 te)
344 5776 402 5830 vide
412 5775 518 5832 comesa
532 5774 575 5829 lib.
586 5777 611 5842 7,
625 5787 678 5840 etp.
687 5776 710 5828 t.
