4034 6334
263 317 301 381 ts
606 281 611 291 '
758 311 945 374 annomno
964 309 998 370 m
1016 307 1145 370 ιιιιιιιιι
1163 307 1208 368 nn
1226 307 1440 370 nannsnos.
1630 340 1649 410 ,
1871 318 1906 376 m

301 429 360 494 His
377 447 455 512 ergo
472 430 601 495 Leviter
614 429 781 505 delibatis,
797 430 965 492 Lectorem
978 428 1019 491 ad
1033 429 1178 508 subjecta
1195 446 1294 506 opera
1317 427 1534 506 persolvenda
1557 428 1765 496 festinantem
1783 430 1906 498 diutius

262 507 325 574 boc
342 511 375 573 in
393 511 502 574 limine
528 511 684 573 remorari
700 509 788 571 netas
802 509 960 570 ducimus.
985 509 1095 588 Longe
1113 507 1256 586 proiecto
1277 507 1451 588 jucundius
1474 510 1536 570 crit
1555 511 1715 589 inspicere
1738 513 1907 576 haereseon

262 592 466 654 eversionem
476 591 553 652 Jesn
566 590 684 652 Christi
702 589 822 650 virtute
838 590 879 650 ab
894 589 1077 668 Augustino
1093 587 1225 660 iactam3
1243 587 1282 649 de
1299 603 1364 665 qna
1379 589 1471 649 nobis
1481 589 1511 649 id
1528 587 1634 651 dicere
1649 591 1757 662 liceat,
1772 594 1858 671 qnod
1870 595 1905 655 in

263 687 415 734 sermone
429 670 469 731 de
484 669 686 750 Cataclysmo
700 668 855 746 scriptum
866 666 1002 745 legitur:
1020 690 1035 724 a
1052 668 1089 728 ln
1102 668 1158 727 illo
1167 668 1297 745 populo,
1310 666 1436 740 iratres,
1448 668 1482 728 in
1498 673 1563 745 quo
1576 670 1678 731 multa
1690 671 1847 734 miracula
1860 671 1908 734 ia-

264 771 280 808 ιι
305 750 410 810 ciebat
435 750 563 829 Moyses
587 767 644 828 per
672 747 808 826 virgam,
835 751 1092 808 exsurrexerunt
1116 746 1202 824 magi
1228 746 1420 818 Pharaonis,
1449 745 1603 809 iacientes
1632 755 1664 809 et
1679 749 1741 828 ipsi
1761 750 1909 831 prodigia

263 848 280 886 a
307 831 420 921 cpntra
437 828 593 890 famulum
606 827 664 919 Ilei
680 827 824 918 Moysen..
839 825 897 886 Sed
910 824 950 917 ad
961 826 1023 918 boc
1033 825 1180 918 quasdam
1190 827 1272 887 mira
1289 825 1393 918 iacere
1406 826 1554 904 permissi
1564 832 1651 919 snrtt2
1668 833 1705 888 ut
1715 829 1900 922 mirabilius

263 903 1906 1065 zdilatatat,Pttllt‘atlt:trataalalllaaltttatttalatltentatas

262 1087 278 1124 ι
301 1065 335 1125 in
355 1065 440 1127 banc
455 1070 595 1137 terram,
614 1069 770 1141 tanquam
792 1068 957 1140 serpentes
978 1079 1168 1144 magorum,
1183 1080 1265 1141 quos
1292 1063 1463 1124 devorarit
1486 1068 1518 1125 et
1529 1063 1665 1126 devorat
1689 1065 1745 1126 ille
1769 1084 1904 1144 serpens

261 1165 278 1203 ι
301 1145 462 1207 exaltatus
477 1145 510 1204 in
531 1143 670 1223 ligno...
692 1143 765 1202 Fuit
782 1142 845 1208 bic,
863 1147 900 1204 ut
915 1143 1056 1215 nostris,
1081 1141 1299 1213 dilectissimi,
1316 1141 1448 1219 viperea
1467 1142 1613 1205 doctrina
1638 1143 1905 1207 Donatistarum:

261 1245 279 1283 ι
303 1223 441 1286 contrita
458 1229 518 1296 est,
534 1226 724 1299 consumpta
738 1225 797 1283 est.
815 1220 891 1282 Mox
906 1220 1224 1283 Maximianistarum
1240 1222 1426 1299 serpentina
1445 1221 1534 1284 trans
1551 1222 1747 1300 pullularit:
1764 1225 1905 1288 contrita

261 1324 278 1364 a
301 1307 360 1375 est,
377 1305 568 1380 consumpta
582 1304 641 1362 est.
657 1300 910 1362 Manichaeorum
925 1317 1086 1363 venenum
1099 1300 1220 1377 aspidis
1235 1301 1445 1378 subrepserat
1459 1320 1468 1360 ι
1482 1301 1658 1363 contritum
1676 1308 1736 1374 est,
1749 1319 1909 1366 consum-

261 1402 278 1442 ι
300 1385 391 1460 ptum
404 1386 463 1444 est.
477 1380 724 1460 Pelagianorum
742 1397 864 1441 novum
885 1379 1035 1459 dogmas
1055 1379 1211 1441 ministris
1232 1379 1369 1452 diaboli,
1393 1383 1551 1459 tanquam
1571 1397 1592 1442 a
1608 1381 1710 1461 magis
1724 1382 1906 1446 Pharaonis

260 1484 277 1521 a
301 1460 488 1533 excitatum,
504 1459 553 1520 illi
579 1465 692 1520 nostro
711 1459 854 1536 serpenti
876 1465 1043 1520 certamen
1069 1457 1190 1520 indixit
1206 1477 1214 1518 ι
1232 1459 1427 1531 conteritur,
1441 1459 1695 1521 consumitur...
1710 1461 1793 1522 Ecce
1811 1461 1906 1523 nobis

260 1561 277 1599 a
298 1555 384 1602 unus
396 1539 511 1618 anquis
528 1536 679 1610 brianus,
691 1539 767 1600 olim
783 1541 941 1613 mortuus,
953 1539 1145 1600 insultate..
1160 1536 1376 1617 redibloyses
1390 1542 1515 1610 nostem
1529 1537 1597 1599 redi
1611 1539 1699 1618 virga
1713 1559 1721 1612 ς
1738 1537 1818 1614 redi,
1833 1558 1908 1602 ser-

264 1642 280 1680 ι
303 1617 555 1758 ριιιιὴῦιιιῖιιις
584 1622 714 1760 {parteis
740 1621 837 1758 cappt
849 1616 1046 1777 ᾱιιΐιὲιιιιιιιὸ,
1061 1618 1112 1758 pic
1124 1617 1203 1757 qgid
1217 1617 1261 1757 sila
1275 1617 1452 1776 affigi-ge
1469 1636 1476 1676 :
1492 1621 1523 1678 te
1538 1617 1708 1682 audiamus
1723 1619 1906 1694 docentem,

263 1714 369 1759 «non
408 1713 572 1760 eremum
641 1714 678 1776 sp
703 1713 892 1760 emanemn
954 1715 1005 1776 ap.
1040 1714 1136 1773 ,ann
1172 1714 1259 1771 ,co.
1439 1741 1446 1756 .

817 1889 1346 2118 nomenante
1904 1891 1907 1897 ¹

1012 2337 1143 2400 *limiti-

301 2469 344 2528 dd
357 2465 527 2527 scribendum
537 2463 609 2523 banc
626 2463 725 2524 tibrum
746 2461 869 2523 hortator
887 2474 967 2538 atque
980 2476 1075 2524 auctor
1093 2467 1243 2542 augustino
1260 2469 1308 2526 tuit
1320 2470 1521 2540 Quodvultdeus
1534 2471 1663 2531 diaconus
1676 2473 1905 2549 carmapnensis.

265 2561 307 2621 Eo
320 2567 441 2635 spectant
452 2558 644 2630 subsequentes
656 2556 777 2628 epistola
791 2575 799 2613 ι
813 2556 898 2629 prima
910 2556 1088 2624 Quodvultdel
1100 2569 1141 2616 est
1153 2562 1329 2633 dnqtrstinom
1342 2564 1462 2635 rogantis
1476 2573 1506 2620 nt
1518 2566 1650 2621 lacerosum
1667 2566 1730 2623 edat
1742 2570 1906 2638 camloqnm,

261 2657 385 2730 proprios
409 2655 559 2725 quibusque
571 2665 678 2708 errores
690 2664 722 2706 nc
735 2650 803 2708 ritus
814 2651 909 2724 paucis
929 2651 1172 2723 complectentem
1194 2654 1310 2710 sentam
1324 2670 1391 2712 rero
1409 2657 1549 2728 tergestini
1570 2661 1724 2714 excusantis
1736 2661 1826 2732 operis
1837 2660 1907 2716 diiii·

260 2751 407 2815 cultatem,
422 2757 534 2814 remque
558 2742 592 2798 ab
610 2743 669 2799 aliis
682 2751 810 2798 tentatam
822 2743 878 2814 jam
893 2759 954 2799 esse
968 2743 1147 2802 admonentis.
1171 2746 1305 2804 Rescribit
1322 2748 1542 2818 Qtrodrnttdcus,
1555 2751 1730 2811 vehementer
1748 2755 1782 2809 ab
1796 2771 1830 2810 eo
1842 2771 1907 2810 con·

260 2841 374 2900 madetis
387 2845 417 2894 ut
427 2837 452 2892 id
465 2849 562 2916 ntunus
575 2833 696 2904 petitioni
707 2832 806 2904 ipsius,
822 2832 877 2888 imo
889 2833 1035 2890 universali
1049 2835 1183 2891 desiderio
1196 2853 1250 2892 non
1272 2839 1396 2909 deneget.
1421 2841 1495 2896 Tunc
1509 2843 1616 2899 derasam
1639 2845 1725 2900 rictus
1742 2846 1907 2916 Augustinus

260 2934 379 3002 laborem
390 2937 517 2985 etcnram
531 2924 557 2980 in
569 2938 600 2981 se
611 2923 706 2994 recipit
719 2923 854 2980 scribendi
864 2924 899 2982 de
912 2924 1076 2994 haeresibus,
1092 2927 1217 2998 damper
1233 2930 1300 2985 alias
1318 2933 1506 3002 occupationes
1524 2933 1623 2990 iicebit.
1639 2935 1715 2992 Nurac
1732 2938 1804 2992 enim
1816 2938 1905 3006 impo-

259 3027 309 3084 sita
321 3025 371 3082 sibi
386 3020 546 3080 necessitate
560 3017 697 3074 refellendi
709 3016 723 3073 J
727 3017 842 3074 uliaaum
854 3059 862 3086 ,
885 3033 915 3074 se
929 3020 1009 3074 etiam
1030 3021 1064 3076 ab
1075 3022 1192 3090 incaepta
1205 3024 1394 3092 opusculorum
1413 3040 1522 3080 suonam
1534 3027 1717 3098 recognitione
1729 3028 1829 3100 (qnam
1843 3043 1901 3086 rem

260 3117 404 3189 plurimum
419 3112 596 3170 necessariam
607 3107 726 3179 judicat)
739 3109 846 3164 avocari
862 3117 987 3174 testatum
1002 3109 1169 3182 additquese
1183 3112 1262 3184 brrjns
1272 3116 1521 3186 recognitionisduo
1534 3118 1670 3174 volumina
1685 3120 1741 3189 jam
1755 3121 1908 3177 absolvisse

261 3209 412 3268 retractatis
421 3205 544 3262 omatibus
556 3201 630 3258 libris
642 3201 707 3257 suis.
721 3201 843 3257 llacdno
856 3203 989 3258 volumina
999 3203 1106 3260 circiter
1117 3219 1216 3260 atinum
1231 3205 1330 3262 Claristi
1343 3207 1395 3262 tal
1405 3208 1521 3278 pertenta
1536 3209 1711 3275 observamus
1720 3213 1747 3265 in
1758 3221 1831 3267 torno
1845 3213 1903 3283 pri-

263 3321 309 3362 mo
324 3301 440 3372 :quibus
450 3294 664 3368 «qnandoquidem
678 3294 812 3364 posterior
824 3303 865 3350 est
879 3295 935 3365 ipse
949 3295 983 3352 de
993 3295 1146 3352 Haresibns
1156 3298 1240 3362 liber„
1252 3297 1287 3352 ad
1297 3314 1397 3354 annum
1408 3299 1516 3355 circiter
1527 3301 1580 3356 tta
1598 3303 1767 3359 revocandus
1788 3305 1906 3360 ridetur.

263 3395 401 3456 Possidius
414 3393 442 3447 in
455 3390 590 3455 indiculo,
601 3401 662 3458 cap.
675 3388 703 3454 5,
717 3395 801 3452 notat,
818 3387 856 3443 De
870 3387 1016 3445 derasidas
1027 3390 1062 3444 ad
1073 3391 1275 3456 Quodmttdeam
1285 3394 1440 3461 diaconam,
1453 3397 1628 3467 imperfectum
1641 3413 1715 3468 opes.
1742 3398 1775 3452 Et
1789 3397 1908 3454 isidorus

261 3592 311 3639 tres
327 3580 413 3642 libros,
427 3575 535 3629 directos
548 3571 582 3627 ad
594 3569 764 3626 Fortunatam
776 3572 934 3642 episcopam,
948 3572 1078 3642 captiosas
1089 3573 1116 3626 ia
1129 3574 1166 3629 eis
1177 3575 1246 3644 qaod
1257 3575 1319 3630 olim
1329 3575 1362 3632 B.
1375 3577 1530 3650 demetiam
1542 3581 1571 3635 in
1589 3581 1653 3636 libro
1668 3581 1806 3639 Heracon
1817 3583 1910 3654 bapea-

262 3677 355 3745 sectam
369 3673 448 3721 atate
460 3663 639 3720 interminante
651 3661 795 3730 reliqna-at
810 3661 912 3732 Nempe
925 3663 1035 3718 alteram
1046 3663 1135 3732 operis
1146 3673 1268 3734 partem,
1284 3667 1318 3723 ad
1336 3669 1532 3727 ostendendam
1547 3673 1612 3744 quid
1636 3673 1792 3732 hereticum
1814 3675 1904 3741 iaciat,

263 3763 404 3838 pollicetar
416 3756 579 3830 Augustinus
590 3755 616 3810 in
627 3754 790 3826 praelationis
800 3753 862 3823 tine,
873 3769 953 3826 qnam
968 3763 1069 3823 partem
1083 3765 1169 3812 morte
1178 3767 1331 3827 preventus
1350 3775 1405 3818 non
1418 3762 1516 3834 attigit.
1727 3752 1730 3759 '

471 4003 472 4008 Ν
808 3893 1377 3978 *4220*-

265 4149 271 4180 ,
558 4055 644 4160 De
671 4053 859 4172 eodem
896 4051 1037 4155 libro
1062 4038 1310 4193 epistolae
1347 4067 1609 4194 quotuor.

912 4255 1103 4319 EPISTOLA
1128 4257 1267 4326 CCXXI.

346 4407 459 4464 liernino
471 4409 567 4466 merito
579 4404 725 4465 venerabili
737 4445 746 4475 ,
760 4411 788 4460 et
796 4416 859 4459 rere
870 4401 1025 4459 beatissimo
1035 4403 1104 4475 patri
1116 4404 1270 4460 docasrmo
1289 4404 1434 4477 episcopo,
1448 4406 1666 4488 Quonronrnncs
1679 4411 1817 4468 diaconus.

303 4543 330 4599 l.
352 4541 403 4599 otu
414 4543 533 4615 trepidus
547 4541 582 4600 ini
591 4585 599 4610 ,
609 4550 635 4599 et
646 4554 727 4597 ansus
741 4539 790 4595 bos
808 4552 884 4595 meos
896 4538 1036 4609 aliquoties
1048 4535 1139 4592 distuli
1154 4554 1161 4591 ι
1177 4537 1224 4593 sed
1247 4553 1291 4594 mc
1304 4540 1506 4613 principaliter,
1531 4555 1560 4600 nt
1573 4546 1626 4603 dici
1639 4547 1758 4614 emolat,
1777 4548 1908 4606 animarit

264 4631 439 4690 beatitudinis
454 4642 507 4690 tna
517 4629 700 4691 benevolentia
715 4629 840 4686 omnibus
851 4627 1022 4700 comprobata
1035 4643 1043 4692 ς
1056 4643 1136 4698 quarn
1154 4627 1218 4683 darn
1232 4630 1390 4701 considero,
1402 4635 1488 4705 magis
1501 4635 1594 4702 timui,
1607 4653 1641 4693 ne
1660 4653 1712 4695 non
1731 4640 1846 4710 petendo
1858 4655 1908 4696 sn·

265 4723 382 4797 perbus,
395 4740 448 4782 non
473 4723 617 4797 querendo
633 4721 798 4792 desidiosus,
809 4735 863 4778 non
877 4719 1007 4793 pulsando
1021 4721 1096 4792 piger
1118 4734 1133 4776 a
1158 4719 1271 4777 Domino
1281 4722 1426 4793 judicarer.
1438 4727 1567 4784 Suticere
1580 4739 1668 4786 autern
1683 4732 1748 4786 mitri
1759 4733 1900 4791 crederem

267 4817 420 4889 hujusmodi
434 4817 615 4875 tantummodo
629 4815 814 4882 voluntatem,
829 4816 851 4870 sl
866 4813 981 4869 tructam
993 4813 1104 4883 adipisci
1119 4827 1174 4869 non
1186 4829 1313 4885 possem:
1324 4831 1385 4874 curn
1405 4828 1494 4877 autem
1507 4836 1555 4891 pro
1568 4831 1642 4878 certo
1655 4826 1793 4896 noverim,
1807 4827 1907 4883 ostium

266 4909 348 4967 divini
362 4912 509 4978 sermonis,
522 4909 594 4982 quod
603 4909 776 4967 Perorationi
790 4916 843 4964 tuae
856 4907 973 4965 caelestis
984 4907 1069 4979 gratia
1080 4907 1216 4980 pateiecit,
1230 4917 1350 4979 parsum
1373 4927 1434 4970 esse
1452 4925 1570 4972 menmm
1585 4925 1657 4972 tunm
1671 4931 1808 4989 salictam,
1824 4936 1908 4991 qnam

265 5002 388 5074 possidet
399 5003 535 5068 Christus,
550 5016 604 5057 non
621 5002 708 5057 solum
728 5001 830 5057 cunctis
851 4998 1004 5056 volcrrtibus
1024 4998 1161 5070 pandere,
1177 5015 1270 5057 rernm
1285 5001 1365 5058 etiarn
1376 5006 1547 5077 nolentibus,
1562 5017 1593 5065 ut
1606 5011 1716 5069 introire
1738 5029 1791 5069 non
1806 5014 1905 5086 pigeat.

265 5095 445 5164 peneadem
460 5092 626 5163 occupationi
640 5092 806 5150 Reverentia
819 5099 871 5164 tua
884 5089 1051 5163 multiloquio
1063 5092 1199 5164 supertiam
1211 5109 1314 5150 moram
1328 5110 1381 5153 non
1404 5096 1516 5168 iaciant,
1532 5100 1580 5157 sed
1599 5102 1760 5160 desiderium
1777 5108 1907 5163 obsecra·

270 5185 350 5243 tionis
362 5201 429 5240 mete
442 5183 702 5240 breviterindicabo.
765 5189 766 5194 ’
807 5177 809 5184 '

300 5277 329 5332 ἢ.
350 5276 494 5331 Nonnullae
506 5275 533 5330 in
546 5275 620 5332 clero
632 5275 742 5347 brrjusee
751 5273 830 5332 etiam
847 5273 1020 5346 amplissimae
1033 5272 1148 5332 civitatis
1160 5290 1220 5332 csse
1240 5277 1393 5350 imperitos,
1408 5296 1442 5338 ex
1458 5297 1503 5339 me
1515 5282 1574 5354 ipso
1588 5284 1701 5355 conjicio
1714 5301 1721 5351 ;
1735 5294 1764 5342 et
1775 5296 1906 5358 qnantum

265 5369 391 5427 universo
406 5366 445 5422 iili
461 5367 547 5424 ordini
560 5367 727 5439 prolaturum
743 5367 778 5422 sit
790 5366 861 5437 quod
874 5375 990 5437 expeto,
1007 5366 1215 5423 eortsiderationi
1226 5368 1380 5427 Sarrctitatis
1401 5380 1453 5428 tuce
1474 5373 1667 5431 discutiendum
1681 5375 1773 5432 odero.
1791 5379 1907 5436 Pririle-

267 5461 311 5532 gio
327 5473 439 5529 namque
452 5469 607 5516 cunctorum
620 5460 664 5530 qni
677 5457 727 5513 boc
741 5457 775 5514 de
790 5457 970 5528 spiritualibus
984 5457 1037 5512 tuis
1049 5457 1185 5514 laboribus
1194 5470 1389 5531 promerentur,
1399 5465 1480 5520 etiarn
1494 5481 1536 5521 me
1551 5465 1686 5538 indiguam
1697 5477 1907 5528 consecuturum

264 5567 325 5608 esse
338 5567 485 5621 presumo,
500 5552 607 5608 domine
621 5551 717 5608 merito
730 5549 907 5618 venerabilis,
920 5559 948 5605 et
960 5563 1024 5605 uere
1036 5549 1189 5606 beatissime
1206 5561 1292 5622 pater.
1314 5553 1412 5609 Precor
1427 5555 1506 5625 igitur
1518 5555 1712 5614 beatitudinem
1726 5568 1817 5630 tetam,
1831 5571 1861 5618 nt
1871 5577 1908 5620 ex

264 5657 319 5714 qno
331 5641 475 5700 christiana
487 5644 581 5718 religio
594 5643 758 5700 baereditatis
769 5641 907 5713 promissae
926 5637 1024 5698 nornen
1050 5644 1161 5714 accepit,
1173 5659 1232 5716 qua
1247 5645 1363 5702 haereses
1377 5645 1491 5715 inerint,
1505 5649 1559 5705 sint
1571 5668 1579 5716 ;
1590 5666 1657 5722 qnos
1674 5667 1782 5710 errores
1805 5656 1907 5712 intule-

264 5731 335 5806 rint,
345 5734 477 5806 interant3
492 5735 557 5810 qaid
570 5735 699 5794 adrasus
707 5732 870 5812 ¹catltttticara
880 5731 1027 5794 Ecclesiam
1041 5734 1190 5803 senserint,
1204 5736 1337 5804 sentiant,
1348 5737 1381 5793 de
1400 5737 1467 5808 lde,
1483 5739 1517 5796 de
1530 5741 1677 5814 Trinitate,
1692 5745 1726 5805 de
1745 5747 1902 5822 Baptismo,
