4034 6334
105 246 157 306 nx
764 239 968 302 nsrursmo
986 241 1104 302 ιιιιιιι.
1401 219 1404 222 ’
1709 254 1764 314 ιιι
1835 265 1842 272 ·

142 365 171 422 i.
182 359 362 422 transetum
374 361 444 422 dixit
457 379 464 418 :
477 361 532 434 qu
544 359 733 432 inmemorem
746 364 913 429 puto,quaxn
968 358 1130 415 orationem.
1145 358 1247 417 Praeter
1266 359 1318 418 boe
1339 361 1368 418 its
1388 361 1434 420 iiis
1447 363 1570 421 oratione
1584 372 1673 422 reem
1693 366 1763 426 nibil

113 453 360 536 sntealreritatem
382 453 634 526 pentametrum
655 457 728 506 recte
750 447 912 517 existimem,
968 451 1033 508 nori
1051 451 1180 522 comperi.
1205 451 1331 526 Quisquis
1345 463 1435 512 autem
1457 456 1533 513 uobis
1554 459 1668 529 opponit
1688 475 1764 532 que·

116 566 130 608 ι
148 558 174 606 te
194 555 336 620 presente
359 545 454 603 audire
473 543 553 628 eluit)
567 545 587 596 ¹·
613 540 641 598 lu
664 542 757 614 primis
776 554 911 596 summum
968 547 1084 604 stiooem
1104 547 1219 618 aliquam
1241 547 1275 604 de
1297 549 1434 618 moribus,
1449 550 1550 608 Eiectis
1564 552 1661 609 cestris
1677 566 1765 624 oppo-

118 653 234 699 exrorem
260 645 346 710 puto,
370 637 582 710 omnipotentem
606 633 708 703 Deum,
733 635 761 690 in
784 648 838 705 quo
860 647 915 689 une
959 637 1042 714 'nith
1065 637 1135 708 Quid
1152 647 1244 698 sutem
1257 639 1387 698 intervos
1400 643 1504 713 agatis,
1518 643 1564 714 qui
1586 643 1671 701 illecti
1687 627 1765 714 estis,

119 731 194 790 mliii
208 743 274 802 ⁸90⁸
286 738 340 798 0⁸⁸·
354 745 389 787 ΘΧ
403 729 491 802 aliqua
506 737 581 801 iiiiii
593 726 758 795 Vl‘llfbllem,
773 733 821 782 ³1¹1
838 725 915 781 ⁰05⁰·
970 747 1021 805 ego
1033 733 1104 790 scire
1123 748 1177 790 non
1198 748 1318 805 possum.
1332 731 1404 790 ilem
1423 743 1451 792 et
1464 735 1659 794 Eucharistiam
1673 737 1765 794 audiri

118 819 298 896 quinabilem,
314 829 362 878 aut
375 819 575 892 corruptibilem
591 817 711 875 credere.
726 817 784 873 iloc
796 825 914 874 uestram
969 825 1074 883 sophis
1096 841 1169 897 gaepe
1187 826 1258 898 quod
1278 827 1436 900 accipistis:
1453 825 1559 900 sappus
1580 838 1671 886 summ
1690 797 1766 887 ζωῇ.

117 914 240 971 beresim
261 911 401 970 alflrxuare
419 913 493 980 scio;
509 925 563 966 non
584 909 692 982 quidem
705 908 797 966 uerbis
818 909 915 980 qulbus
969 916 1060 990 piendi
1080 932 1142 974 cnm
1163 931 1207 974 me
1221 917 1333 986 lateret,
1348 917 1414 989 quid
1432 919 1587 990 accipiatis,
1601 919 1672 977 uode
1685 935 1768 980 nosse

118 1021 184 1063 nnnc
196 1019 264 1062 usus
278 1020 339 1062 sum
357 1019 364 1058 x
381 1017 443 1060 nem
463 1011 490 1060 et
508 1017 557 1060 xos
577 1001 736 1074 interrogati
750 1000 916 1058 comitemini
970 1008 1067 1082 posuit
1085 1008 1178 1080 ltaque
1190 1023 1278 1075 sem,
1295 1009 1318 1064 si
1332 1009 1429 1080 placen,
1442 1010 1619 1082 quassqonqm
1631 1010 1666 1068 de
1680 1011 1766 1068 mori.

119 1099 201 1156 lleum
215 1112 279 1154 esse
298 1095 529 1168 incorruptibilem
553 1103 580 1151 et
601 1095 710 1151 omniuo
734 1093 915 1150 inviolabilem
969 1101 1037 1171 bus,
1052 1109 1082 1157 ιιι
1103 1101 1173 1157 inter
1191 1101 1299 1157 Eiectos
1311 1109 1417 1157 vestrm
1437 1100 1614 1170 discutiatur,
1626 1103 1651 1159 si
1670 1102 1768 1160 discuti

118 1199 143 1247 et
154 1187 435 1261 incoinquinabilem
459 1186 507 1244 sed
522 1199 582 1242 cum
597 1185 734 1257 coeperitls
754 1194 851 1242 caetera
867 1200 916 1242 ex·
969 1201 1068 1264 potest.
1083 1191 1149 1247 llibi
1162 1191 1229 1248 ides
1241 1190 1302 1247 data
1324 1199 1367 1247 est
1385 1191 1505 1260 arobis,
1521 1207 1601 1264 quam
1615 1192 1695 1250 bodie
1713 1195 1768 1250 im·
1786 1196 1794 1254 3-

119 1299 237 1358 pouere,
251 1282 379 1354 coqimini
393 1297 454 1337 eum
467 1279 687 1350 corruptibilem,
712 1278 915 1350 penetrabilem,
970 1283 1066 1355 probo.
1084 1281 1122 1340 lie
1135 1284 1192 1354 ipsa
1205 1283 1332 1356 proposui
1347 1301 1354 1338 :
1369 1283 1404 1340 ad
1417 1285 1583 1356 propositum
1596 1300 1686 1343 meum
1698 1285 1767 1344 mibi
1782 1259 1790 1270 ⁹

118 1387 144 1435 ct
154 1376 386 1448 coinquinabilem
398 1372 527 1444 profiteri.
542 1372 635 1428 Dicitis
647 1373 718 1427 enim
732 1371 812 1427 oliam
826 1369 918 1426 nescio
969 1375 1175 1446 respondeatur.

118 1486 194 1542 qnam
210 1477 322 1542 gentem
344 1468 513 1524 tenebrarum
534 1463 664 1524 adversus
679 1463 726 1519 liei
746 1478 856 1536 regnum
871 1477 917 1517 re·
1007 1467 1090 1523 Fons.
1106 1467 1197 1523 dixit:
1217 1467 1253 1524 lit
1265 1475 1358 1523 nnstm
1380 1465 1513 1538 professio
1534 1465 1590 1539 ipsa
1604 1460 1674 1538 est,
1695 1468 1769 1542 quod

118 1563 232 1618 bellssssse
248 1579 254 1615 ³
269 1561 356 1616 Deum
381 1567 470 1613 eutem
493 1557 723 1626 ⁰¹¹¹¹²lll010¹l¹0m,
740 1569 800 1610 cunt
814 1553 919 1610 videret
971 1559 1183 1632 incorruptibilis
1196 1559 1232 1615 sit
1244 1560 1334 1626 Deus,
1347 1561 1419 1632 quod
1434 1560 1554 1630 lucidus,
1570 1561 1640 1634 quod
1652 1561 1769 1618 inadibi-

121 1662 215 1726 quents
237 1651 314 1706 lebes
334 1658 362 1706 et
375 1649 487 1704 vastitas
500 1647 653 1703 immineret
671 1645 761 1716 reguis
775 1643 849 1710 suls.
865 1641 918 1698 nisi
971 1651 1016 1719 iis,
1033 1651 1189 1719 intenibilis,
1208 1652 1397 1722 impassibilis,
1411 1651 1485 1724 quod
1496 1662 1624 1708 cetemsm
1637 1653 1726 1710 iucem
1741 1661 1771 1710 et

124 1745 239 1816 aliquid*
254 1744 378 1799 adversm
400 1742 471 1813 senil
493 1747 659 1811 oitittinelel,
676 1746 703 1792 ⁰¹
722 1738 746 1792 θῑ
767 1737 916 1803 resisteret.
971 1745 1108 1814 propriam
1121 1743 1290 1800 inhabitetl:
1306 1744 1377 1816 quod
1391 1745 1458 1800 nibli
1470 1761 1503 1800 ex
1519 1759 1582 1800 sese
1594 1745 1770 1815 corruptibile

123 1839 223 1894 misisse
240 1835 312 1892 bunc
330 1835 469 1901 virtutem,
492 1831 527 1886 de
547 1831 623 1900 cujus
644 1828 835 1885 commixtione
856 1841 917 1882 uum
970 1835 1327 1908 profm1‚necoen0bm‚
1342 1833 1769 1904 necdaemones‚neesacanam,

117 1930 186 1987 malo
208 1936 239 1986 et
263 1917 438 1984 tenebrarum
462 1931 541 1996 geute
565 1922 681 1978 mundus
703 1921 740 1976 sit
763 1919 917 1976 fabricatus.

120 2023 183 2079 ilino
195 2019 346 2091 essequod
360 2018 405 2075 bic
419 2019 515 2074 anime
536 2016 614 2073 bonne
629 2015 771 2080 laborant,
786 2012 917 2080 serviunt,

119 2122 214 2179 errem,
242 2116 454 2182 corrumpuntur
478 2127 484 2163 :
508 2114 538 2162 ut
564 2106 744 2164 suecessorium
763 2103 917 2161 baberent¹

118 2207 290 2264 liberatorem
304 2246 311 2272 ,
325 2203 371 2274 qui
383 2217 430 2258 eas
455 2201 490 2258 sb
504 2189 597 2256 errore
610 2205 754 2272 purgaret,
775 2205 803 2254 et
814 2211 830 2252 u
843 2209 919 2252 com·

118 2299 246 2356 mixtione
258 2295 400 2362 solveret,
418 2301 446 2350 et
463 2308 478 2348 e
493 2291 622 2349 servitute
642 2290 777 2345 liberaret.
798 2286 855 2341 lloc
869 2299 919 2358 eqo

117 2391 189 2448 nobs
212 2399 280 2461 puto
305 2387 434 2454 credere,
457 2385 542 2442 Deum
565 2383 772 2455 omnipotentem
802 2379 919 2450 aliquam

118 2483 261 2538 aduersam
284 2488 394 2552 gentem
419 2477 557 2540 timuisse,
580 2483 627 2532 eut
648 2473 834 2532 necessitatem
859 2484 920 2528 esse

121 2591 238 2647 pessum
254 2583 285 2630 ut
299 2588 349 2630 nos
363 2573 391 2628 in
404 2586 537 2628 aerumnas
553 2569 741 2642 praecipitaret.

152 2667 339 2724 Foxruxtrns
362 2663 429 2720 dixit
452 2681 459 2718 :
482 2661 548 2731 Quia
574 2670 600 2716 te
623 2657 740 2715 medium
764 2657 846 2712 fuisse
868 2668 920 2710 no·

119 2771 200 2817 strum
216 2759 297 2825 scio,
321 2755 424 2822 idest,
440 2755 511 2811 inter
525 2751 687 2809 llanicbreos
706 2749 919 2818 administrasse,

118 2855 165 2911 ista
180 2861 247 2909 sunt
262 2849 422 2922 principalia
445 2847 507 2904 fidei
522 2855 632 2902 nostre.
657 2845 696 2900 lle
716 2840 921 2900 conversatione

120 2951 162 3007 bie
182 2948 292 3020 agitor,
314 2943 350 3000 de
372 2941 469 3015 quibus
493 2941 568 2996 falsis
593 2937 750 2996 criminibus
771 2935 918 3007 pulsamur.

121 3041 160 3098 Ex
173 3050 201 3097 te
215 3053 284 3111 erqo
298 3043 447 3108 presentes
469 3033 580 3089 audiant
598 3031 660 3088 boni
674 3029 741 3096 viri,
758 3035 847 3084 utrum
867 3025 923 3082 sint

119 3148 180 3191 tera
193 3147 279 3203 super
292 3127 391 3200 quibus
405 3125 580 3182 criminemur
593 3131 622 3180 et
636 3119 804 3195 appetimur,
819 3133 854 3174 sn
868 3117 923 3173 sint

118 3225 195 3281 false.
213 3223 325 3279 Etenim
339 3235 372 3276 ex
386 3229 431 3274 tua
449 3217 582 3286 doctrina,
598 3223 624 3272 et
637 3229 672 3270 ex
688 3221 734 3270 tue
753 3208 921 3282 expositione

121 3325 149 3374 et
161 3315 318 3372 ostensione
332 3319 459 3385 poterunt
469 3311 560 3366 verius
579 3307 651 3364 seire
671 3313 793 3364 nostram
807 3316 920 3360 conver·

120 3409 274 3476 astionem,
301 3404 325 3462 si
346 3419 361 3460 a
386 3401 517 3460 tefuerit
542 3399 658 3472 prodita.
687 3395 834 3454 lnteriuisti
858 3409 919 3452 ora-

121 3502 194 3558 doni.

153 3595 181 3650 ἱ.
198 3594 271 3650 duc.
287 3589 356 3647 (lixit
372 3607 381 3645 ε
396 3585 516 3645 luterlui.
538 3583 592 3642 Sed
614 3583 666 3640 ulia
689 3581 802 3654 questio
825 3587 867 3636 est
888 3577 922 3636 de

124 3685 184 3754 ido,
200 3685 255 3741 sliu
268 3683 304 3740 de
323 3680 444 3738 moribus
461 3698 468 3736 ι
484 3693 534 3751 eqo
553 3676 589 3733 de
609 3675 662 3732 fide
676 3673 814 3746 proposui.
829 3671 882 3729 Sed
897 3671 920 3727 si

124 3781 160 3836 iiii
173 3781 218 3851 qui
234 3776 345 3843 adsunt,
362 3773 464 3830 molunt
477 3769 570 3828 audire
584 3767 619 3825 de
631 3765 761 3831 moribus,
779 3777 828 3820 nec
840 3762 920 3820 istam

124 3863 301 3944 questionem
321 3867 438 3938 defugio.

156 3963 243 4020 Fonr.
260 3961 349 4018 dixit:
370 3959 488 4028 Purqare
508 3969 551 4011 me
572 3951 646 4024 prius
664 3949 726 4007 xolo
749 3961 832 4020 penes
856 3959 922 4002 con-

125 4055 264 4112 scientiam
291 4059 429 4116 uestrum,
456 4059 537 4118 penes
569 4057 649 4115 qnam
676 4039 864 4112 ‘polluimur,
889 4050 923 4092 ex

126 4149 210 4204 idonei
233 4145 285 4200 riri
310 4139 479 4206 testimonio,
505 4137 549 4208 qui
573 4133 640 4190 mibi
661 4138 690 4190 et
713 4146 784 4187 ιιιιιιο
809 4129 923 4185 idoneus

126 4249 181 4308 est,
201 4247 230 4294 et
245 4239 273 4292 in
290 4237 377 4290 futura
397 4231 460 4302 justi
473 4229 572 4302 judicis
585 4225 684 4282 Christi
705 4221 921 4289 examinatione,

127 4334 198 4391 rica
218 4343 282 4402 que
302 4327 438 4399 iactantur
450 4322 517 4380 cidit
531 4321 558 4376 in
578 4319 672 4386 nobis,
694 4315 738 4374 rei
761 4319 923 4371 consecutos

126 4433 174 4482 esi.

157 4517 186 4572 5.
202 4516 271 4570 Auo.
288 4509 379 4568 dixit:
395 4507 435 4564 Ad
457 4503 529 4562 aliud
542 4516 640 4570 rocas,
663 4515 723 4557 enm
745 4513 795 4569 ego
816 4496 850 4552 de
872 4495 924 4553 fide

125 4607 324 4682 proposuerim.
349 4603 388 4658 lie
407 4599 526 4658 moribus
540 4605 629 4652 exstem
642 4593 740 4651 restris
753 4591 832 4662 plene
855 4589 924 4646 scire

124 4708 239 4771 possunt
252 4697 299 4769 qui
312 4693 397 4751 Eleeti
411 4691 493 4748 nestri
509 4695 581 4745 sunt.
597 4685 686 4742 Nostis
699 4691 789 4739 autem
808 4694 853 4737 mo
871 4693 923 4734 non

123 4791 249 4849 illectum
272 4795 414 4852 ramum,
438 4781 487 4840 sed
501 4780 656 4837 Auditorem
683 4775 778 4832 fuisse.
812 4772 924 4842 ltsque,

123 4881 250 4956 quamvis
265 4887 293 4936 et
307 4875 421 4934 orationi
436 4882 534 4931 uesta-xe
555 4867 743 4934 interfuerim,
759 4874 789 4920 ut
809 4864 925 4920 interro·

123 4975 214 5047 pesth
238 4979 330 5028 utrum
352 4965 498 5040 separatim
512 4962 651 5020 vobiscum
674 4956 795 5015 babeatis
809 4955 925 5027 aliquam

123 5069 295 5132 orationem,
319 5063 391 5118 Deus
416 5059 491 5116 solus
512 5060 601 5127 potest
623 5063 722 5118 nosse,
744 5057 773 5104 et
785 5062 844 5105 xos.
869 5046 927 5119 ligo

124 5169 217 5216 tamen
240 5157 268 5212 in
282 5155 404 5211 orstlone
424 5151 453 5208 in
472 5163 525 5221 qus
544 5143 673 5211 interfui,
688 5142 755 5198 nibil
775 5149 854 5213 turpe
868 5139 926 5196 fieri

122 5253 179 5309 ridi
205 5269 212 5306 :
236 5247 286 5306 sed
308 5247 395 5303 solum
417 5239 511 5302 contr's
535 5240 616 5297 iidem
629 5235 825 5304 soimadverti,
847 5247 926 5304 quam

123 5353 218 5418 poster
242 5341 322 5412 didlei
343 5346 371 5396 et
389 5335 512 5410 probuti,
534 5333 607 5406 quod
621 5340 714 5388 contra
737 5331 821 5387 solem
841 5327 927 5384 tacitis

157 5485 164 5514 ¹
180 5485 246 5540 rost,
257 5472 431 5540 cudixecupio,
443 5473 570 5524 vaticanus
583 5469 662 5520 codex
679 5467 759 5518 addit:
772 5473 928 5518 ronmxsrus

125 5540 193 5594 duxit
206 5554 215 5592 :
231 5545 304 5591 certo
312 5545 555 5598 crroreuoecpuuere.
567 5535 722 5582 'tucosrxxus
733 5527 796 5581 dicit
807 5540 815 5578 :
827 5536 854 5577 ιιι
874 5525 926 5591 pri·

123 5617 182 5702 ’.ξ’
189 5610 314 5716 ιῗιιᾳοιιιιιι
328 5661 417 5720 codex,
430 5655 510 5722 requie
520 5655 579 5718 cuis,
590 5659 617 5708 ul
627 5651 730 5718 siquid,
741 5660 789 5706 etc.

159 5725 368 5850 memo&
380 5713 593 5844 &musanen
617 5713 710 5770 balent.

971 1942 1023 1984 nec
1035 1927 1135 1998 aliquid
1147 1927 1290 1984 aduersum
1309 1928 1336 1982 iu
1356 1943 1439 1998 regno
1459 1927 1519 1998 ejus
1538 1927 1652 2000 reperiri
1672 1927 1769 1999 possit.

972 2019 1020 2077 Sui
1040 2028 1130 2076 autem
1152 2020 1268 2076 similem
1291 2019 1459 2077 salvatorem
1483 2019 1615 2076 direxisse
1629 2037 1637 2074 ε
1651 2019 1772 2075 Verbum

971 2122 1064 2170 natum
1077 2130 1093 2169 a
1106 2114 1297 2170 constitutione
1316 2113 1483 2169 mendicum
1505 2112 1634 2168 mundum
1655 2111 1771 2169 fabrica-

971 2206 1054 2275 ret',
1069 2215 1130 2278 post
1151 2205 1244 2262 mundi
1265 2205 1394 2262 fabricam
1417 2205 1488 2260 inter
1506 2205 1771 2260 bominesrenisse:

972 2295 1067 2369 dignas
1089 2296 1140 2352 sibi
1164 2295 1269 2352 animas
1291 2295 1405 2367 elegisse
1418 2293 1430 2326 ⁸
1442 2302 1543 2351 sancte
1557 2309 1613 2350 sum
1626 2293 1770 2364 voluntati,

963 2383 1106 2446 'nmndatis
1117 2388 1173 2444 suis
1185 2387 1341 2446 ooetesubos
1353 2386 1547 2455 sancuueaxas,
1560 2386 1613 2442 ilde
1624 2400 1656 2443 ac
1667 2385 1774 2444 ratione

972 2481 1090 2538 imbutas
1101 2480 1252 2536 celestium
1262 2467 1371 2547 'rerum;
1386 2481 1446 2550 ipso
1457 2478 1569 2534 doctore
1580 2478 1644 2534 binc
1656 2478 1772 2535 iterum·

973 2574 1082 2630 easdem
1096 2573 1200 2628 animas
1213 2572 1247 2628 ed
1267 2587 1380 2642 reguum
1394 2571 1442 2628 liei
1464 2586 1619 2628 reversurus
1633 2585 1709 2639 esse,
1725 2584 1772 2626 se·

972 2667 1090 2722 cundum
1108 2675 1230 2722 sanaem
1252 2666 1336 2735 ipsius
1359 2665 1591 2736 pollicitationem,
1612 2665 1658 2736 qui
1681 2663 1772 2719 dixit:

973 2757 1031 2832 qu
1043 2775 1101 2814 sum
1121 2759 1179 2826 cio,
1192 2759 1302 2822 ceritas,
1318 2767 1341 2811 et
1355 2757 1460 2828 ιἰιιιιιιις
1479 2763 1525 2822 et,
1539 2753 1623 2810 Neruo
1644 2764 1726 2826 potest
1739 2754 1775 2809 cti

974 2851 1079 2908 Patrem
1099 2851 1247 2924 peruenire,
1261 2851 1312 2905 alxi
1332 2867 1377 2920 per
1391 2866 1440 2903 me.
1461 2847 1509 2904 llis
1525 2847 1606 2904 rebus
1620 2861 1670 2902 nos
1683 2845 1774 2902 credi-

973 2961 1044 3014 mus,
1067 2946 1129 3016 quia
1143 2945 1209 3000 alies
1223 2944 1319 2998 anime
1331 2941 1355 3009 ⁰,
1369 2942 1395 2996 ld
1410 2949 1469 3007 est,
1491 2941 1545 2996 ulio
1559 2939 1697 2996 mediante
1717 2953 1773 2995 non

973 3045 1101 3110 poterunt
1118 3037 1153 3094 ad
1166 3051 1277 3108 regnum
1290 3035 1338 3091 liei
1350 3034 1467 3102 reuerti,
1482 3030 1534 3088 nisi
1555 3032 1644 3104 ipsum
1657 3045 1771 3102 repere·

973 3131 1029 3188 rint
1042 3127 1131 3198 mam,
1146 3130 1307 3195 veritatem,
1324 3135 1352 3182 ot
1371 3126 1491 3198 ienuam.
1517 3125 1576 3196 lpse
1590 3124 1662 3180 euim
1681 3123 1750 3181 dixit
1765 3141 1773 3180 ι

975 3225 1027 3294 chi
1040 3241 1081 3279 mc
1091 3223 1164 3292 uidit,
1179 3223 1239 3277 cidit
1252 3230 1277 3276 et
1290 3220 1395 3275 Putrem
1405 3235 1489 3274 meum
1503 3215 1594 3291 (too.
1607 3231 1666 3283 ιιι,
1682 3214 1710 3282 θ,
1723 3213 1774 3286 9);

973 3327 1011 3384 et,
1030 3315 1081 3385 Qui
1094 3318 1119 3370 ιἰι
1134 3332 1175 3370 nte
1188 3313 1335 3382 crediderit,
1348 3321 1455 3366 atortem
1468 3327 1520 3365 oon
1535 3307 1647 3382 pxstciit
1660 3309 1687 3362 in
1700 3316 1775 3362 teter·

973 3427 1047 3479 num,
1057 3409 1104 3466 scd
1116 3407 1330 3478 barciloniam
1342 3405 1375 3461 de
1386 3413 1466 3460 morte
1478 3402 1513 3458 cd
1525 3404 1615 3468 citam,
1627 3410 1652 3456 ct
1664 3403 1692 3456 ia
1699 3400 1776 3475 iudi·

973 3503 1042 3558 ciem
1061 3517 1112 3556 non
1130 3501 1212 3556 ueniet
1226 3498 1283 3572 (ld.
1299 3514 1325 3563 r,
1340 3495 1398 3571 et).
1414 3495 1462 3552 llis
1480 3495 1562 3551 rebus
1580 3493 1730 3561 credimus,
1746 3501 1775 3548 et

974 3593 1033 3650 bec
1054 3602 1096 3651 est
1117 3593 1187 3648 ratio
1210 3590 1272 3647 fidei
1297 3597 1417 3656 nostrie,
1440 3595 1468 3642 et
1491 3601 1540 3656 pro
1561 3585 1664 3639 viribus
1689 3583 1774 3640 animi

975 3685 1060 3743 uestri
1074 3683 1207 3740 mundatis
1228 3681 1287 3752 ejus
1306 3680 1512 3750 obtemperare,
1528 3690 1610 3731 unam
1631 3673 1711 3729 iidem
1729 3688 1774 3730 sc·

973 3785 1078 3836 ctantes
1099 3774 1179 3845 nujxs
1199 3771 1352 3838 Trinitatis,
1377 3768 1466 3825 Petris
1480 3775 1508 3824 et
1529 3765 1592 3822 Filii
1610 3773 1639 3822 et
1658 3764 1774 3837 Spiritus

974 3869 1071 3926 sancti.

1010 3957 1201 4018 benedixit
1216 3974 1222 4010 :
1238 3955 1294 4012 llas
1311 3953 1432 4021 animas,
1447 3964 1515 4022 quas
1528 3947 1563 4006 de
1576 3955 1665 4004 morte
1685 3945 1719 4002 ad
1731 3946 1774 4002 ri·

975 4063 1031 4112 tam
1045 4068 1093 4126 per
1107 4051 1243 4108 Christum
1258 4048 1351 4106 venire
1370 4041 1509 4111 fatemini,
1532 4055 1592 4113 quar
1606 4053 1686 4096 causa
1701 4053 1773 4130 prse-
1875 4070 1881 4076 ,

974 4145 1136 4223 cipitauitin
1150 4139 1289 4200 mortemi

1010 4237 1094 4296 Fons.
1109 4237 1200 4292 dixit:
1221 4234 1288 4291 ilinc
1308 4231 1363 4304 iam
1377 4229 1490 4301 dignare
1508 4225 1637 4298 prosequi
1658 4231 1686 4280 et
1705 4235 1773 4279 con-

976 4331 1074 4398 traire,
1090 4329 1113 4385 si
1126 4327 1194 4383 niixii
1208 4335 1306 4398 preter
1319 4323 1414 4379 Deunr.
1730 4329 1733 4334 ·

1012 4423 1039 4480 5.
1065 4423 1132 4477 Auo.
1152 4419 1220 4474 dixit
1246 4432 1253 4471 :
1278 4413 1336 4470 lxao
1361 4421 1390 4467 tu
1415 4409 1528 4482 dignare
1553 4405 1720 4478 respondere
1746 4403 1775 4462 id

977 4513 1050 4586 quod
1075 4506 1268 4579 intenoqarts,
1294 4504 1343 4560 iras
1369 4500 1474 4558 animas
1500 4513 1561 4571 quae
1586 4495 1775 4554 musa‘morti

977 4605 1098 4756 dextras.
1112 4694 1179 4751 dixit
1194 4711 1201 4748 ι
1217 4691 1274 4748 imo
1287 4697 1315 4746 tu
1331 4687 1442 4760 diqnare
1454 4685 1556 4752 dicere,
1571 4693 1660 4741 utrum
1674 4679 1774 4751 aliquid

977 4793 1014 4850 sit
1025 4797 1123 4863 preter
1137 4787 1286 4850 licum,an
1299 4781 1390 4839 omnic
1403 4780 1431 4836 iu
1447 4777 1505 4834 lieo
1518 4776 1583 4833 sint.
1795 4822 1799 4832 ,

1014 4883 1041 4940 6.
1058 4883 1124 4938 luo.
1136 4877 1203 4934 dixit
1218 4893 1224 4931 :
1240 4873 1310 4931 illud
1322 4887 1373 4944 eqo
1386 4867 1553 4940 respondere
1565 4877 1687 4938 possum,
1701 4860 1774 4932 quod

1010 5001 1586 5148 llflzit'lfflmilidiblislfflm
1608 5057 1774 5124 ...sos

978 5153 1096 5200 retem
1119 5141 1198 5192 tuom
1217 5136 1342 5190 mbobrtet.
1363 5132 1439 5198 tuqd.
1463 5137 1534 5179 ven·
1546 5133 1603 5175 tox.
1629 5123 1710 5174 secuti
1731 5136 1774 5174 su.

979 5222 1063 5320 mrem
1074 5211 1185 5340 ιζ’ίιωω
1196 5263 1290 5323 meto,
1306 5258 1460 5334 [oseem
1476 5263 1489 5325 ,-

1011 5335 1023 5366 ⁸
1041 5337 1167 5382 vmxmuus
1177 5326 1266 5389 codex,
1275 5335 1369 5376 ιιιιιιιιιιι
1387 5313 1528 5380 memore·
1545 5309 1655 5375 minda,
1666 5309 1720 5378 ipso
1730 5311 1776 5363 dxt-

979 5401 1280 5515 wfmxfinss.,oraooe
1289 5443 1394 5499 moon·
1403 5435 1777 5503 oexmnrmntpoeuma·

978 5525 1057 5579 emor,
1069 5525 1092 5570 et
1103 5518 1159 5567 bruc
1170 5521 1266 5572 uersum
1278 5517 1326 5558 exc.
1381 5539 1384 5546 -

1012 5581 1106 5641 ‘editi
1118 5579 1174 5628 abo
1188 5569 1350 5626 secum.
1368 5563 1532 5618 memmius
1551 5563 1591 5615 bie
1608 5575 1641 5613 ex
1660 5561 1775 5610 vaticmo

979 5643 1071 5696 codiee.
1092 5647 1178 5692 Postea
1192 5634 1356 5686 lovanienses
1372 5643 1432 5696 pro,
1450 5625 1500 5680 ebo
1516 5625 1650 5682 medimxoe,
1666 5620 1773 5685 lepino·

979 5708 1096 5820 ῧιέιῖιιιιι,
1114 5700 1163 5754 olio
1179 5696 1251 5750 sacco
1268 5698 1333 5748 otte.
1351 5693 1398 5748 teti
1416 5693 1568 5748 reluctentur
1591 5685 1669 5740 nocui
1686 5684 1774 5734 onruet
