4034 6334
1230 1036 1268 1063 .·.
1488 1015 1551 1055 .“ί
1599 1023 1676 1058 „tr

834 1101 1019 1164 m
1214 1087 1336 1144 ›'·'-'¹
1394 1100 1397 1107 '
1579 1101 1654 1132 “·2·
1728 1111 1753 1170 ¹„

139 1250 218 1319 cum
228 1251 381 1319 doctoris
396 1253 545 1319 catholici
560 1251 624 1317 duo
639 1253 705 1318 sint
726 1251 844 1330 olticia,
860 1253 1000 1318 alterum
1016 1252 1201 1317 christiane
1224 1249 1392 1338 roligionis
1404 1254 1556 1322 veritates
1580 1257 1756 1334 thuaneae

109 1345 140 1398 tc
154 1334 368 1407 confirmare,
384 1335 523 1398 alterum
548 1335 679 1398 easdem
694 1335 735 1396 ab
748 1334 988 1414 insurgentium
1015 1333 1239 1396 hereticorum
1253 1335 1419 1398 amoribus
1433 1336 1598 1401 vindicare
1613 1360 1623 1414 i
1652 1359 1751 1406 nemo

108 1419 252 1476 veterum
267 1419 327 1477 ant
345 1413 565 1476 recentiorum
579 1417 738 1491 utrasque
752 1417 860 1492 partes
876 1413 1021 1492 implerit
1035 1413 1160 1475 felicius
1175 1415 1225 1475 An
1272 1415 1378 1488 stino,
1396 1414 1452 1494 qni
1469 1417 1614 1478 omnium
1626 1418 1751 1498 judicio

108 1495 138 1555 id
147 1495 265 1556 merito
279 1497 452 1556 assecutus
476 1497 536 1564 est,
551 1496 588 1553 ut
602 1493 785 1572 precipuus
811 1509 849 1554 ac
877 1509 1022 1554 summus
1048 1492 1200 1556 Ecclesie
1252 1499 1345 1557 octor
1370 1491 1556 1556 haberetur.
1585 1497 1750 1564 Hactenus

110 1571 175 1654 ejus
190 1589 294 1652 opera
306 1587 382 1650 qum
394 1571 574 1634 christiana
586 1571 737 1652 dogmata
754 1570 919 1651 explicant
936 1571 1167 1634 exhibuimus:
1184 1589 1273 1634 nuno
1285 1589 1325 1636 ea
1339 1590 1412 1652 qne
1435 1573 1474 1635 ad
1493 1573 1669 1638 infidelium
1684 1579 1751 1642 be·

112 1654 348 1730 retieommque
362 1649 617 1714 confutationem
632 1651 807 1729 pertinent,
822 1667 960 1730 quaeque
975 1650 1103 1730 vulgari
1116 1650 1184 1730 jam
1201 1653 1333 1715 nomine
1347 1653 1508 1715 Polemica
1527 1671 1642 1716 vocare
1656 1658 1751 1719 sole-

112 1750 193 1801 mus,
211 1733 243 1792 in
269 1732 468 1808 tribusque
492 1733 616 1791 restant
639 1729 857 1791 voluminibus
873 1728 1135 1809 repraesentanda
1149 1737 1235 1792 sunt.
1252 1731 1333 1792 Nam
1347 1731 1407 1792 etsi
1433 1731 1467 1792 in
1493 1733 1666 1811 prioribus·
1686 1736 1751 1800 illis

110 1811 235 1890 scriptis
248 1809 429 1889 aliqnando
442 1825 485 1869 ex
497 1807 668 1870 occasione
681 1812 868 1889 grassantes
884 1826 1013 1871 errores
1030 1808 1090 1870 Vir
1103 1815 1235 1872 sanctus
1251 1812 1449 1890 perstringat
1461 1831 1470 1883 ς
1488 1829 1554 1872 non
1568 1812 1618 1874 bis
1642 1817 1752 1878 tamen

109 1889 265 1970 ejusmodi
295 1887 425 1968 generis
450 1903 587 1966 operum
613 1904 732 1966 scopus
760 1891 853 1960 erat,
869 1887 1000 1966 qualem
1017 1887 1162 1966 sibiipsa
1177 1889 1211 1949 iu
1234 1888 1370 1968 reliquis
1398 1890 1552 1968 operibns
1568 1894 1749 1971 proposuit.

10 2009 11 2012 ,
111 1968 198 2044 Quod
224 1967 254 2032 si
281 1966 502 2047 angustinum
518 1967 623 2029 obiter
646 1967 681 2027 in
709 1967 875 2030 haereticos
890 1966 1102 2029 disserentem
1118 1971 1210 2031 tauta
1238 1985 1312 2030 cum
1327 1969 1495 2047 voluptate
1521 1969 1660 2035 lectores
1686 1973 1752 2037 buc

111 2064 211 2127 usque
234 2047 450 2109 revolverent
465 2065 474 2104 ε
490 2046 588 2126 longo
612 2046 719 2126 major
732 2063 775 2107 ex
800 2047 1011 2126 sequentibus
1036 2046 1128 2108 libris
1153 2045 1276 2109 tructus
1295 2047 1475 2140 sperandus
1492 2053 1554 2120 est,
1573 2050 1608 2110 in
1630 2052 1750 2128 quibus

109 2133 194 2190 recto
209 2126 324 2188 urdine
336 2141 375 2188 ac
389 2123 497 2188 dedita
510 2141 611 2204 opera
634 2125 824 2187 universum
850 2141 999 2186 amorum
1029 2143 1147 2203 corpus
1176 2126 1209 2187 in
1232 2127 1410 2205 particulas
1425 2127 1617 2189 discinditur
1629 2145 1669 2192 ac
1682 2131 1753 2193 dis-

111 2207 255 2285 sipatur;
271 2203 498 2266 hereticorum
510 2204 715 2284 antesignani
730 2208 798 2266 tum
820 2203 958 2283 publicis
973 2205 1280 2279 concertationibus,
1307 2211 1378 2266 tum
1398 2204 1490 2268 editis
1514 2206 1753 2271 lucubrationi-

111 2287 167 2348 bus
188 2285 367 2348 vincuntur
389 2299 429 2346 ac
450 2288 725 2364 prosternuntur3
742 2282 881 2346 achillea
902 2282 1043 2362 denique
1056 2299 1096 2345 ac
1114 2283 1269 2362 primaria
1289 2299 1404 2346 eorum
1419 2285 1541 2364 scripta
1564 2285 1599 2347 in
1621 2285 1751 2352 favillas

112 2365 320 2443 rediguntur;
340 2362 422 2427 adeo
435 2367 472 2424 ut
483 2380 557 2425 cum
574 2379 616 2424 ex
630 2361 725 2440 primi
736 2363 864 2442 generis
879 2362 1007 2441 scriptis
1025 2362 1173 2423 Doctoris
1186 2362 1336 2425 catholici
1347 2380 1489 2437 nomen,
1506 2364 1594 2443 qnod
1608 2368 1752 2429 nonnul·

111 2443 148 2505 lis
164 2444 263 2506 ctiam
283 2443 457 2522 precipuis
481 2442 632 2504 Ecclesiae
654 2440 802 2504 Patribus
815 2457 985 2502 commune
1006 2445 1076 2513 est,
1098 2442 1246 2503 retulerit
1260 2440 1482 2522 Augustinus;
1499 2460 1542 2503 ex
1563 2443 1615 2505 bis
1660 2449 1752 2508 oste-

112 2523 251 2584 rioribus
266 2539 372 2584 unum
388 2521 451 2583 sibi
472 2521 661 2600 proprium,
686 2537 753 2598 quo
777 2519 904 2580 nullum
929 2519 1020 2581 aliud
1040 2519 1212 2594 illustrius,
1234 2519 1414 2600 elogiuma
1434 2519 1608 2584 Catholicis
1661 2525 1753 2586 iero-

10 2665 11 2670 ,
113 2618 205 2681 nymo
221 2604 304 2664 teste
317 2600 485 2674 meruerit,
499 2605 536 2660 ut
550 2600 649 2662 veluti
667 2599 749 2660 alter
770 2598 913 2676 antiquo
926 2597 999 2658 tidei
1020 2596 1168 2659 conditor
1188 2597 1286 2661 etiam
1308 2600 1423 2662 virens
1444 2605 1477 2661 et
1500 2599 1535 2660 in
1564 2602 1660 2663 terris
1685 2603 1750 2666 dc

10 2695 11 2750 ³
113 2674 1749 2838 aa.datioeaillltda‘allttiaa¹:allidendaetitillata?attilii?

116 2835 157 2916 (Ε
185 2840 238 2900 ist.
261 2835 700 2916 1abiotcrAnqcstiotcoos).

10 2991 11 2996 ἵ
150 2857 237 2980 ffihq
256 2919 299 2981 ad
316 2917 452 2998 hujusce
466 2916 552 2978 tituli
564 2920 597 2978 et
612 2915 710 3008 elogii
723 2911 1037 2977 commendationem
1058 2913 1186 2977 ridetur
1198 2913 1293 2996 adjici
1308 2932 1427 2994 posse:
1443 2916 1499 2979 sed
1516 2919 1624 2980 umen
1636 2918 1751 2982 codem

10 2997 11 3040 l
115 2998 148 3059 in
162 2999 234 3060 loco
246 2997 465 3077 hieronymus
479 2994 598 3068 subdit,
616 3017 631 3052 u
648 3011 777 3088 signum
793 2993 926 3073 majoris
946 2993 1061 3073 glorie
1080 3011 1191 3068 esse,»
1207 2994 1294 3074 quod
1308 2994 1423 3056 Virum
1440 2997 1684 3060 sanctissimum
1707 3001 1750 3061 ob

10 3133 11 3140 ,
114 3077 257 3139 eamdem
269 3091 416 3148 cansam,
431 3096 446 3134 r
461 3091 574 3135 omnes
587 3073 728 3136 heretici
744 3071 1021 3136 detestarentur.»
1042 3074 1164 3136 Eorum
1184 3090 1263 3138 vero
1277 3075 1505 3140 malevolentia
1526 3080 1559 3138 et
1583 3076 1750 3141 abaliena-

10 3491 11 3502 *
114 3471 301 3550 «perticere
329 3471 543 3550 potuissent»
561 3467 710 3550 (Possid.
731 3469 766 3530 iu
789 3468 863 3530 Vita
883 3468 1065 3548 Augustini,
1081 3488 1150 3549 cop.
1166 3468 1210 3550 a).
1225 3468 1286 3531 Sed
1306 3470 1412 3533 miran

114 3157 158 3217 tio
170 3173 328 3233 eousque
341 3169 519 3233 progressa
541 3156 608 3226 est,
629 3156 666 3214 ut
678 3169 785 3214 eume
807 3150 912 3214 medio
927 3152 1043 3214 tollere
1056 3152 1172 3231 quovis
1189 3153 1355 3232 proposito
1376 3155 1510 3233 premio
1531 3157 1748 3232 tentaverint,

114 3252 173 3296 nec
197 3235 262 3296 sibi
283 3233 326 3296 ad
342 3233 489 3312 concepti
509 3231 657 3311 capitalis
684 3229 749 3292 odit
774 3230 942 3294 cumulum
970 3231 1118 3294 sulficere
1146 3233 1313 3311 putarint,
1332 3233 1393 3294 nisi
1409 3234 1507 3295 etiam
1528 3233 1632 3295 neum
1647 3235 1750 3298 cidem

10 3327 11 3338 ²
113 3313 252 3405 consilio
267 3311 441 3392 suffragari
463 3311 532 3374 suis
547 3311 680 3404 asseclis
692 3309 889 3389 persuadere
909 3316 1118 3386 conarentur,
1141 3311 1260 3404 quibus
1274 3311 1422 3404 polliceri
1451 3327 1518 3374 non
1536 3311 1747 3390 dubitarunt,

113 3408 253 3455 «omma
267 3397 400 3470 peccata
417 3407 437 3454 a
455 3391 522 3452 Deo
553 3389 773 3452 indubitanter
798 3407 870 3452 esse
883 3388 1078 3452 eredendum
1098 3407 1195 3470 posse
1208 3390 1325 3452 drmrtti
1349 3391 1395 3452 eis
1413 3392 1474 3532 gui
1500 3391 1746 3535 ῗιίὶοοὲεῗεῃτῗοὲξ

113 3550 288 3630 Augustini
303 3549 494 3624 moderatio,
510 3547 682 3628 quodcum
700 3565 767 3610 non
783 3547 890 3610 solum
908 3548 1044 3627 privatis
1059 3549 1339 3611 criminationibus
1352 3551 1394 3613 ab
1405 3486 1599 3613 afvgsssarns
1617 3550 1751 3628 impete-

10 3643 11 3646 ’
113 3635 213 3702 retur,
238 3627 296 3692 sed
314 3633 346 3690 et
365 3629 468 3693 abeis
488 3630 689 3706 quereretur
704 3627 881 3699 adnecem‚
899 3627 1043 3705 privatas
1060 3627 1244 3691 inimicitias
1264 3627 1337 3690 illas
1363 3629 1409 3691 ita
1436 3629 1663 3706 equanimiter
1675 3629 1751 3690 tulit

114 3726 151 3772 ac
164 3707 394 3782 dissimulavit,
414 3707 522 3768 utrix
536 3707 638 3769 ullam
653 3705 692 3767 de
712 3706 759 3768 cis
780 3705 814 3766 in
836 3707 904 3768 suis
920 3705 1195 3784 disputationibus
1215 3706 1328 3767 iecerit
1340 3706 1539 3768 mentionem
1555 3725 1563 3765 :
1578 3723 1639 3768 nec
1655 3707 1751 3785 quid·

115 3806 212 3867 qnam
222 3789 307 3850 certi
319 3785 357 3848 de
383 3787 548 3849 intentatae
562 3785 609 3847 illi
625 3785 713 3847 necis
725 3784 965 3847 machinatione
985 3785 1192 3858 nesciremus,
1210 3785 1274 3846 nisi
1287 3784 1450 3846 Possidins
1462 3785 1497 3846 in
1508 3784 1578 3864 ejus
1591 3785 1668 3848 vin
1679 3804 1750 3847 rem

115 3868 254 3944 posteris
269 3866 505 3946 consignasset.
529 3864 620 3939 Quod
639 3863 667 3925 si
694 3862 890 3942 quandoque
905 3863 947 3926 ad
964 3861 1102 3942 injurias
1119 3862 1181 3924 sibi
1202 3863 1309 3926 illatas
1334 3862 1456 3943 aliquid
1473 3881 1634 3944 reponere
1656 3883 1752 3946 coge·

115 3945 229 4021 batur3
249 3945 280 4006 id
305 3961 373 4006 non
393 3945 490 4025 justae
506 3943 719 4024 indignationi
747 3959 812 4004 sue
840 3941 1017 4014 tribuebat,
1047 3941 1102 4004 sed
1124 3941 1283 4004 lectorum
1296 3942 1440 4016 utilitati,
1451 3943 1509 4021 qui
1524 3943 1644 4022 iniquis
1659 3943 1752 4024 ejus-

115 4025 201 4085 modi
232 4024 515 4087 criminationibus
536 4021 705 4100 averitate
723 4027 856 4098 possent
870 4019 997 4082 abduci.
1013 4019 1074 4082 Sed
1090 4037 1190 4081 nemo·
1203 4022 1320 4084 melius
1335 4025 1402 4084 mm
1417 4021 1574 4085 moderati
1596 4022 1695 4086 animi
1715 4023 1751 4084 in

115 4102 165 4164 bis
180 4103 409 4166 occasionibus
423 4107 544 4165 statum
560 4099 770 4180 expresserit,
784 4115 884 4177 quam
899 4099 1101 4180 Augustinus
1116 4100 1203 4178 ipse,
1219 4099 1312 4180 cujus
1330 4101 1400 4162 baec
1414 4103 1512 4164 verba
1524 4103 1603 4162 sunt
1616 4102 1649 4163 in
1666 4101 1752 4164 libro

115 4187 229 4246 contra
250 4181 444 4244 Petiliannm
459 4181 567 4254 tertio,
581 4197 650 4258 cap.
669 4181 685 4240 1
704 4200 711 4238 :
727 4201 742 4236 a
757 4179 825 4257 Ego
840 4177 971 4256 quando
997 4179 1116 4256 cuique
1141 4179 1193 4240 rel
1207 4179 1342 4241 dicendo
1355 4179 1407 4242 rel
1419 4179 1599 4249 scribendo,
1616 4196 1753 4258 respon·

114 4281 132 4318 ι
146 4261 219 4331 deo,
241 4261 338 4322 eham
351 4259 592 4322 contumeliosis
606 4257 884 4336 criminationibus
904 4258 1085 4332 lacessitus,
1101 4261 1259 4337 quantum
1275 4258 1355 4319 mibi
1377 4259 1533 4320 Dominus
1548 4258 1658 4333 donat,
1680 4258 1752 4322 irre·

114 4361 131 4396 «
146 4342 233 4402 natis
250 4345 348 4418 atque
362 4338 508 4403 contritis
528 4354 617 4402 vane
631 4336 862 4416 indignationis
874 4337 1007 4411 aculeis,
1027 4336 1164 4400 auditori
1188 4337 1341 4400 lectorivo
1356 4338 1542 4411 consulens,
1558 4355 1624 4398 non
1639 4355 1701 4417 ago
1715 4343 1753 4400 ut

115 4441 131 4474 r
148 4419 275 4482 eiticiar
288 4418 411 4480 bomini
424 4416 634 4480 conviciando
651 4415 812 4495 superior,
829 4415 886 4478 sed
905 4433 1049 4478 errorem
1062 4416 1281 4479 convincendo
1298 4416 1471 4479 salubrior.
1488 4439 1504 4473 r
1520 4417 1557 4477 ln
1571 4417 1622 4478 his
1638 4417 1750 4497 itaque

113 4497 391 4592 disputationibus
412 4515 465 4560 res
481 4500 549 4590 tota
565 4496 730 4558 rationum
743 4499 1055 4590 etargumentorum
1068 4495 1184 4588 validis
1197 4495 1370 4557 momentis
1385 4496 1552 4576 agebatur.
1572 4495 1643 4557 Non
1657 4497 1751 4592 illum

10 4707 11 4710 ψ
110 4574 1753 4734 dilatati{latitatisatilli'll.l‘.ti‘ttl⁰.ltil⁰lat⁰.tthdilatabatalt

109 4751 220 4797 unum
236 4735 298 4796 sibi
317 4736 359 4796 ob
371 4735 484 4796 oculos
499 4733 652 4813 ponebat)
667 4731 871 4796 asseruisset.
885 4733 922 4794 ln
943 4733 1126 4796 refellendis
1142 4733 1240 4796 etiam
1253 4733 1478 4796 hereticorum
1496 4734 1693 4813 argumentis
1706 4734 1751 4795 ita

107 4833 144 4877 se
157 4815 299 4896 gerebat
313 4813 434 4876 Ductor·
452 4815 596 4886 sanctus,
619 4817 737 4874 utnon
751 4814 878 4872 tantum
890 4829 1004 4873 eorum
1019 4811 1146 4874 animos
1161 4829 1357 4890 exasperare
1401 4829 1478 4874 uam
1502 4813 1643 4875 maxime
1659 4829 1755 4873 care·

105 4901 184 4966 ret;
203 4892 390 4968 sedetiam,
413 4898 572 4971 quantum
587 4891 706 4969 inipso
724 4894 805 4962 erat,
821 4907 877 4952 cos
893 4891 931 4954 ad
948 4891 1092 4967 veritatis
1107 4890 1306 4971 agnitionem
1319 4831 1523 4954 mollioribus
1538 4897 1569 4953 et
1582 4891 1754 4953 humanio-

103 4975 207 5035 ribus
234 4971 341 5034 verbis
363 4976 395 5033 et
420 4969 693 5050 appellationibus
724 4985 877 5032 revocare
891 4976 1076 5034 conaretur.
1092 4970 1188 5031 Hunc
1203 4971 1317 5049 agendi
1330 4971 1462 5031 modum
1479 4971 1586 5033 statim
1600 4971 1641 5031 ab
1660 4969 1753 5030 initio

103 5051 397 5115 concertationum
420 5068 556 5112 suarum
579 5049 640 5110 sibi
665 5049 853 5127 proposuit,
877 5049 924 5110 uti
942 5051 1011 5128 ipsc
1038 5054 1199 5112 testatur:
1216 5074 1230 5107 α
1246 5051 1346 5110 Deum
1365 5049 1477 5143 rogari
1506 5054 1537 5110 et
1556 5065 1646 5127 rogo,
1663 5054 1698 5108 ut
1720 5049 1754 5110 in

103 5155 121 5188 ι
136 5130 322 5194 refellenda
337 5135 367 5190 ct
385 5129 580 5192 revincenda
597 5127 711 5190 heresi
725 5131 853 5203 vestra,
876 5128 927 5190 cui
942 5133 973 5190 et
995 5145 1054 5190 vos
1075 5128 1211 5191 tortasse
1224 5129 1459 5207 imprudentius
1480 5145 1579 5205 quam
1606 5128 1752 5189 melitio*

102 5234 120 5268 ι
139 5212 220 5274 sius
246 5208 439 5282 adhaesistis,
455 5208 508 5270 det
529 5207 609 5268 mibi
628 5213 769 5268 mentem
792 5213 941 5285 pacatam
963 5213 1062 5286 atque
1074 5208 1308 5287 tranquillam,
1330 5212 1362 5268 et
1384 5208 1487 5287 magis
1502 5206 1541 5268 de
1554 5211 1662 5269 vestra
1684 5226 1755 5270 cor-

103 5315 120 5348 ι
138 5289 308 5359 rectione,
322 5303 421 5365 quam
442 5287 482 5348 dc
504 5287 718 5348 subversione
737 5287 943 5366 cogitantem.
959 5288 1154 5366 Quanquam
1182 5287 1269 5348 enim
1293 5288 1450 5348 Dominus
1467 5303 1525 5363 per
1538 5302 1652 5347 servos
1666 5303 1753 5348 'suos

10 5441 11 5444 Ἴ
104 5395 121 5429 ι
137 5383 252 5448 regna
267 5367 436 5428 subvertat
460 5366 600 5439 erroris3
623 5367 711 5443 ipsos
735 5368 844 5426 tamen
867 5365 1027 5439 homines,
1046 5367 1252 5444 inquantum
1267 5367 1415 5427 homines
1430 5370 1519 5438 sunt,
1535 5366 1753 5428 emendandos

10 5519 11 5527 ἵ
102 5475 120 5506 ι
139 5465 221 5511 csse
236 5445 345 5524 potius
360 5461 461 5523 quam
484 5443 662 5524 perdendos
676 5445 766 5523 jubet
782 5442 824 5524 r'(
837 5444 906 5506 Lid.
931 5454 1044 5506 contro
1065 5445 1248 5525 Epistulam
1263 5444 1443 5512 Mootcboet'.
1465 5463 1533 5526 cop.
1559 5445 1612 5527 1).
1627 5446 1755 5510 Utinam

10 5537 11 5542 ’
99 5529 167 5608 qui
186 5525 264 5588 tidei
282 5524 521 5586 controversias
535 5528 687 5596 tractant,
703 5521 816 5585 eodem
831 5525 940 5586 animo
952 5525 1168 5588 ducerentnrl
1336 5591 1351 5599 ‚

143 5607 221 5668 Etsi
243 5620 344 5684 porro
366 5601 402 5662 in
426 5603 576 5664 omnibus
602 5603 773 5682 Augustini
792 5604 945 5682 operibus
963 5621 1090 5668 summa
1104 5605 1174 5685 ejus
1190 5604 1326 5667 iacultas
1344 5604 1467 5678 elucet,
1482 5604 1632 5666 nonnihil
1646 5610 1756 5666 tamer

97 5687 250 5768 majoris
271 5680 458 5762 splendoris
473 5682 638 5745 catholice
653 5682 723 5762 ejus
738 5683 983 5761 disceptationes
1008 5701 1075 5762 pue
1088 5701 1123 5746 se
1138 5683 1246 5745 lerunt
1261 5703 1269 5743 ε
1287 5688 1324 5744 ut
1336 5683 1371 5747 in
1385 5685 1470 5748 bello
1483 5690 1515 5747 et
1526 5683 1637 5763 prelio
1652 5685 1755 5762 magis

97 5785 214 5850 quam
228 5765 265 5827 in
288 5778 370 5841 pace
384 5761 523 5823 militum
549 5761 652 5824 virtus
668 5763 835 5844 probatur.
860 5763 897 5830 ln
914 5764 993 5846 ipsis
1015 5763 1102 5826 enim
1118 5762 1243 5844 scriptis
1256 5764 1304 5830 ris
1329 5770 1361 5827 ot
1377 5780 1515 5830 acumen
1527 5761 1673 5843 ingenii,
1695 5763 1757 5824 do-

256 5861 635 5928 sncr.Aucusr.v111.
915 5893 926 5910 ·
1563 5853 1678 5956 (Uoc.)
1775 5935 1790 5958 Ι
