4034 6334
627 351 765 413 cunnus
783 333 950 412 ruusrutt'
965 343 1191 416 murmurans,
1207 345 1238 405 s.
1259 345 1445 406 suuusrmt

713 557 952 676 LIBER
978 557 1354 674 DECIMUS.

257 839 374 900 estur
391 837 532 898 rutttutt
547 867 584 882 ·-
596 835 720 894 Tuusrus
733 837 803 894 dixit
818 856 825 894 :
840 835 895 895 Gur
904 854 958 895 non
973 853 1018 895 ao·
1072 839 1194 911 eiusdem
1205 839 1351 912 Scripturas
1363 847 1488 896 senerata
1500 849 1580 914 atque
1591 852 1696 898 seruata
1708 842 1870 899 auctoritate

223 935 291 1009 eipis
305 933 504 991 Testamentum
526 929 630 987 Vetusi
647 930 715 999 Quia
734 937 761 986 et
781 929 887 1002 abipso
906 929 968 997 iou,
991 939 1020 986 et
1072 929 1279 1002 respondemus.
1291 929 1346 986 Tus
1364 929 1427 1002 qnid
1442 931 1628 1003 respondetis,
1642 948 1702 988 eum
1715 933 1792 989 robis
1805 932 1871 987 dici-

223 1043 260 1086 ex
279 1025 355 1083 moro
375 1023 534 1091 didicimus,
558 1021 643 1076 aiieua
653 1013 715 1076 ‘non
734 1016 1019 1091 concupisceremus
1070 1028 1116 1076 tur
1129 1039 1136 1072 ι
1151 1021 1240 1090 Quare
1260 1022 1357 1078 tenetis
1375 1019 1544 1094 evangeiidos
1558 1022 1674 1094 Libros,
1689 1040 1803 1096 querum
1818 1040 1873 1083 uos

224 1125 336 1184 autem,
358 1114 466 1187 inquis,
494 1113 610 1170 alienum
637 1112 717 1168 habet
739 1109 939 1167 Testamentum
966 1109 1020 1166 ie·
1072 1111 1105 1170 ad
1125 1113 1298 1186 decipiendos
1320 1114 1459 1187 imperitos
1477 1117 1815 1187 morinummontem
1838 1129 1871 1175 et

154 1213 155 1218 ’
224 1208 290 1265 tusi
309 1207 366 1262 imo
379 1204 442 1278 quid
460 1204 542 1261 habet
554 1218 608 1260 non
625 1201 765 1259 alienum?
785 1201 895 1258 liiritias
908 1201 1021 1274 promit·
1072 1219 1132 1276 quum
1148 1205 1184 1261 tit
1198 1205 1298 1278 scripta
1312 1214 1395 1276 suut,
1416 1223 1469 1263 non
1492 1208 1579 1264 soium
1600 1225 1653 1265 uon
1675 1211 1803 1276 creditis.
1819 1211 1870 1268 sed

224 1301 267 1367 tit,
279 1307 307 1358 et
322 1298 424 1356 uentris
434 1297 610 1362 saturitatem,
626 1293 736 1352 etiiiios
748 1302 775 1350 et
788 1301 908 1366 nepotes,
924 1293 1021 1349 uitam·
1071 1297 1152 1352 etiam
1176 1297 1283 1368 quantis
1314 1299 1425 1369 potestis
1456 1297 1559 1355 viribus
1587 1301 1769 1374 oppugnatis?
1788 1301 1873 1359 Corte

224 1406 277 1466 quo
297 1392 421 1464 longam,
443 1401 470 1446 et
488 1403 549 1446 eum
564 1387 606 1444 itis
619 1385 803 1444 chananitidis
819 1399 930 1458 repnum
948 1393 956 1440 t
972 1383 1020 1440 sed
1072 1387 1169 1442 ridetis
1183 1403 1231 1443 uos
1244 1390 1333 1458 potius
1347 1389 1382 1445 de
1394 1389 1469 1445 Nouo
1482 1389 1666 1458 Testameuto,
1680 1407 1759 1465 qurum
1771 1407 1821 1448 nus
1833 1392 1870 1448 de

225 1485 315 1543 omnia
328 1485 386 1542 hore
400 1483 565 1541 circumcisis
584 1489 611 1538 ot
625 1481 832 1538 obseruantibus
845 1480 970 1547 sabbata,
992 1487 1021 1535 et
1074 1481 1171 1537 Tutore
1187 1483 1300 1552 nopotis
1322 1483 1558 1554 responderemus
1581 1500 1671 1556 posse.
1686 1483 1780 1542 Omnia
1795 1485 1870 1542 euim

225 1577 426 1636 immolantibus
439 1575 504 1645 sibi,
520 1584 546 1632 et
558 1573 779 1630 abstinentibuso
795 1572 915 1643 porcius,
930 1579 958 1628 et
972 1571 1020 1626 itu·
1073 1587 1134 1640 qum
1147 1573 1174 1627 iu
1186 1571 1284 1630 Vetere
1299 1575 1399 1646 scripta
1411 1584 1484 1646 suut,
1496 1591 1546 1631 uos
1556 1586 1581 1632 et
1595 1591 1657 1632 uera
1670 1591 1730 1633 esso
1742 1577 1874 1648 dicimus,

224 1671 343 1746 jusmodi
356 1668 460 1726 caeteris
476 1687 484 1724 z
498 1683 558 1740 ntum
573 1668 634 1742 quia
649 1681 698 1739 ego
711 1666 832 1738 negligo,
845 1675 872 1720 et
888 1663 1022 1720 christia·
1073 1672 1101 1720 et
1114 1663 1244 1720 divinitus
1256 1665 1400 1733 inundato.
1416 1676 1444 1723 et
1456 1669 1583 1740 uungruis
1597 1668 1762 1740 temporibus
1775 1669 1874 1726 tituri-

226 1779 278 1820 trus
299 1762 405 1829 omnis,
424 1769 455 1817 ut
471 1759 560 1832 inepta
579 1759 700 1827 seilicet,
718 1766 746 1814 et
763 1757 921 1812 adsalutem
939 1755 1021 1810 autimi
1073 1753 1146 1810 bom.
1160 1755 1217 1812 Tos
1230 1764 1321 1828 autom
1335 1771 1395 1813 eum
1415 1757 1492 1815 robis
1509 1759 1614 1830 obieeta
1635 1758 1754 1830 iuerint,
1767 1778 1827 1832 uum
1841 1762 1873 1823 in

225 1856 337 1912 minime
347 1853 518 1927 pertinentia,
533 1852 637 1908 ideireo
647 1865 696 1906 nee
706 1865 766 1921 qum
778 1847 920 1920 promittit,
930 1847 963 1902 ad
977 1862 1022 1902 me
1074 1847 1149 1903 iibris
1163 1846 1230 1904 Nori
1242 1847 1408 1906 Testamenti
1422 1852 1521 1922 scripta
1534 1859 1613 1918 suut,
1633 1864 1685 1908 nee
1702 1853 1873 1926 accipiuntur

178 1969 196 1992 ·-
226 1947 281 2019 jam
298 1954 422 2017 spectare
440 1957 575 2016 omooseo
591 1955 769 2012 :memorque
786 1940 847 2011 quis
862 1940 896 1995 sit
911 1935 1022 1993 mumia-
1076 1940 1202 2010 aronis,
1225 1941 1381 2000 deficientes
1404 1945 1430 1999 iu
1452 1944 1657 2016 respondendo,
1681 1956 1708 2002 et
1729 1943 1873 2003 rnauiiesta

228 2048 297 2107 tom,
311 2037 373 2094 Non
385 2037 548 2110 concupisces
556 2035 641 2091 aiiena
652 2033 750 2105 (Em.
762 2033 873 2101 xx,ii;
886 2031 961 2087 Rom.
975 2045 1020 2096 urt,
1077 2031 1190 2088 ueritate
1205 2031 1324 2088 faucibus
1337 2035 1457 2106 pressis,
1472 2034 1592 2091 anhelitu
1605 2035 1697 2092 saucio
1709 2035 1798 2094 dicitis
1808 2051 1874 2093 esse

228 2129 256 2204 7)
270 2171 279 2198 ,
293 2128 393 2186 Judmis
410 2128 480 2184 bona
495 2141 543 2183 sua
557 2125 675 2192 habere,
696 2124 782 2180 iibens
795 2123 944 2196 nolensque
962 2137 1024 2192 per·
1075 2123 1178 2179 iaisata.
1192 2123 1261 2197 Quid
1282 2124 1354 2203 aiud
1375 2135 1483 2196 possent
1505 2126 1643 2198 exspirare
1660 2124 1803 2198 prmiomta
1817 2142 1870 2184 ora

227 2219 300 2292 misi,
313 2219 372 2276 soio
387 2217 488 2275 seilicet
503 2215 649 2288 Evangelio
662 2224 689 2272 et
703 2212 780 2286 regni
791 2213 920 2270 coeiurom
933 2213 1024 2284 spieu-
1076 2214 1207 2271 ioiiarium
1217 2215 1230 2270 i
1242 2215 1286 2273 rei
1301 2216 1390 2287 potius
1401 2216 1465 2288 quid
1479 2216 1552 2273 aiiud
1572 2227 1682 2288 possem
1697 2226 1791 2288 putere
1802 2233 1873 2274 eon-

229 2311 291 2371 dida
311 2310 471 2368 haereditate
487 2317 639 2368 contentus.
660 2307 727 2364 iiam
745 2317 775 2363 ut
795 2306 907 2373 iudano,
930 2307 953 2362 si
971 2307 1026 2363 sibi
1075 2303 1148 2361 iussa
1169 2305 1299 2364 eadauem
1322 2307 1511 2364 mortuorum?
1534 2306 1817 2366 Ettameneouiessus
1829 2318 1874 2365 est

227 2403 404 2478 Eraupeiium
428 2410 587 2474 usurparet,
609 2401 672 2475 jure
695 2399 862 2472 increpitans
886 2400 1002 2458 dicerem
1014 2441 1024 2468 ,
1076 2397 1191 2456 Faustus
1202 2440 1211 2466 ,
1224 2415 1279 2457 nou
1291 2400 1482 2474 ooueup'rscere
1493 2401 1603 2470 aliena,
1622 2417 1678 2460 noo
1691 2401 1779 2464 somn
1793 2417 1824 2462 se
1836 2418 1875 2460 es

228 2494 370 2568 improbe,
384 2493 449 2568 quid
463 2494 511 2552 tiiti
527 2509 588 2556 eum
601 2509 635 2554 eu
648 2499 709 2564 est,
726 2493 802 2564 euius
817 2503 949 2564 praecepta
970 2509 1024 2550 nun
1076 2490 1151 2548 Novo
1162 2491 1354 2562 Testameoto,
1377 2491 1425 2549 sod
1445 2493 1526 2548 etiam
1547 2492 1697 2552 existere
1720 2493 1879 2552 diditione:

229 2587 342 2652 serrasi
353 2587 394 2646 sie
406 2602 501 2644 uereor
515 2583 634 2644 ue'miiri
654 2584 748 2644 eadem
774 2583 883 2642 iurdaeus
912 2583 1026 2656 inerepi·
1076 2581 1147 2655 quud
1160 2591 1261 2641 certet
1277 2584 1457 2642 suoiteonuu
1470 2583 1878 2656 possetdiseere.ii1enuippe,

230 2687 280 2750 tet,
294 2679 396 2740 tenenti
408 2679 608 2742 Testamentum
625 2676 720 2746 Tetus,
731 2676 808 2749 eujtts
822 2675 947 2734 modam
958 2691 1030 2734 eun·
1078 2674 1102 2731 si
1117 2691 1170 2730 oon
1185 2674 1480 2746 coueupiritalieuom,
1494 2692 1578 2748 quare
1591 2686 1782 2749 superterram
1794 2687 1876 2736 tuse·

230 2780 361 2834 temnunt.
632 2789 651 2832 ρ
1078 2765 1209 2834 brorum,
1230 2766 1277 2824 ubi
1298 2783 1433 2839 uunquam
1456 2769 1581 2838 ioerustt,
1602 2785 1672 2829 trum
1690 2771 1789 2828 saeeuia
1806 2785 1878 2828 nutu«

266 2860 380 2923 CAPUT
398 2861 431 2919 ii.
445 2891 482 2904 -
496 2863 662 2920 duoosrruus
672 2861 810 2934 respoudit
821 2881 830 2924 ι
841 2860 942 2918 Eodem
952 2875 1029 2932 smpe
1077 2859 1194 2918 stroxit?
1206 2861 1250 2916 du
1260 2859 1432 2920 dicturusest
1444 2880 1452 2916 s
1466 2862 1543 2920 Prior
1555 2862 1688 2935 ipsassus
1700 2862 1877 2922 uueummu

230 2967 299 3012 unna
314 2960 437 3025 repetere
451 2951 533 3013 'ustum
551 2968 606 3010 rruu¹
627 2953 731 3026 podet,
750 2952 798 3010 sed
817 2952 911 3010 eadem
931 2966 1025 3022 supe,
1077 2966 1192 3022 reguum
1205 2967 1296 3010 meum
1309 2954 1472 3025 concupiuit,
1484 2953 1555 3027 qood
1568 2955 1603 3012 air
1612 2956 1657 3013 itta
1668 2964 1727 3014 erat
1738 2955 1876 3012 uiisuumi

231 3045 354 3120 quamuis
368 3059 449 3114 sera,
463 3043 626 3116 respondere
646 3059 690 3102 me
702 3045 782 3117 piget.
797 3043 923 3116 Quisquis
937 3043 1027 3116 itaque
1077 3043 1149 3114 Erpo
1162 3045 1280 3104 imitttus
1290 3055 1332 3102 est
1342 3055 1450 3118 pestem
1464 3048 1646 3116 totteirsrum,
1657 3052 1724 3106 utet
1735 3049 1793 3120 ipse
1804 3063 1875 3105 ooo·

233 3141 314 3200 ettam
330 3137 459 3196 aduersus
474 3137 525 3196 ista
538 3137 741 3210 responsionem
752 3137 859 3210 quaerit,
873 3151 933 3207 qum
945 3149 1028 3205 supe·
1079 3135 1232 3204 ropiscoret
1243 3136 1352 3196 eliensi
1364 3139 1406 3194 Au
1417 3149 1561 3211 amusium
1574 3148 1654 3200 autes
1665 3139 1875 3212 toorasremoso

231 3227 315 3293 riusa
329 3229 406 3286 uobis
416 3228 488 3286 dieta
500 3235 575 3296 suntr
586 3229 656 3300 legat
670 3225 739 3300 (tit.
753 3227 788 3294 6,
801 3244 859 3298 cop.
874 3227 913 3299 Ξ).
933 3225 1028 3287 tudun
1079 3227 1147 3284 lueis
1156 3227 1173 3282 i
1183 3227 1335 3300 Optsudutu
1348 3231 1430 3302 tritor
1440 3240 1499 3290 erat
1513 3232 1617 3300 ,oetion
1627 3275 1638 3300 ,
1650 3243 1680 3289 ut
1690 3233 1877 3304 sepuirsretnr

232 3331 322 3382 autem
341 3320 440 3381 dicenti
453 3320 534 3390 milti,
547 3319 602 3378 Cur
618 3329 693 3378 terres
705 3320 788 3378 Vetus
804 3319 1004 3378 Testamentum
1017 3361 1028 3391 ,
1079 3321 1114 3381 de
1127 3321 1241 3380 uictoria
1252 3323 1368 3382 iutittsio
1381 3325 1522 3396 regnandi.
1536 3325 1648 3393 Quodsi
1660 3325 1761 3390 ioum
1772 3333 1831 3393 est,
1845 3334 1878 3382 et

232 3412 309 3486 orrjus
332 3420 465 3486 prompta
489 3427 544 3472 nou
566 3412 677 3470 serras?
701 3412 861 3483 respondeo,
886 3413 988 3468 serrari
1011 3428 1027 3471 a
1079 3424 1141 3472 sure
1164 3415 1251 3485 potuit
1270 3415 1426 3488 ooneopisri
1442 3433 1449 3471 :
1465 3417 1514 3474 sed
1534 3416 1739 3488 exspoetauatur
1760 3427 1790 3472 ut
1806 3431 1878 3488 με

232 3503 393 3566 Citristianis
407 3505 487 3564 etiam
500 3520 532 3562 ex
548 3504 613 3582 ipsis
626 3504 714 3562 Libris
729 3512 861 3576 praecepta
875 3507 937 3562 uitae
950 3521 1030 3578 agen·
1080 3503 1186 3562 itsstiiis
1198 3507 1224 3562 in
1238 3507 1336 3563 beilum
1352 3509 1425 3580 prior
1437 3518 1608 3581 erumperet,
1620 3525 1674 3582 quo
1687 3509 1764 3582 quasi
1775 3508 1883 3580 imtins

234 3595 294 3665 dao3
306 3606 445 3677 praecepta
457 3613 523 3656 uero
535 3599 598 3654 vitm
613 3597 794 3671 significandus
813 3608 876 3656 tuuc
894 3609 966 3656 reete
984 3601 1031 3656 ob·
1079 3608 1289 3671 erpugusreurr.
1302 3600 1335 3658 st
1351 3611 1444 3658 summ
1458 3616 1513 3658 uon
1525 3611 1570 3660 est
1580 3601 1705 3670 bosom,
1721 3615 1805 3674 quate
1820 3599 1881 3656 ini·

233 3701 350 3762 serrata,
364 3707 425 3750 cum
441 3691 690 3766 prenuntiobomur
706 3692 770 3762 ista,
789 3707 849 3763 quum
869 3707 1030 3750 numerere·
1079 3690 1152 3747 mico
1169 3691 1260 3760 vieto,
1283 3705 1365 3763 nuper
1385 3692 1503 3750 aliem
1524 3701 1624 3750 terram
1645 3706 1771 3752 messuro
1789 3690 1880 3749 sciuit

234 3785 288 3844 latu
302 3796 373 3844 suut.
393 3787 561 3856 Quapropter
575 3786 655 3842 etiam
670 3785 727 3858 ipsa
739 3785 779 3842 sie
792 3801 845 3840 uun
860 3785 976 3842 observo
994 3785 1029 3844 sd
1080 3796 1193 3852 reguum
1202 3797 1291 3848 sturm,
1302 3797 1365 3842 eom
1376 3784 1450 3853 prius
1458 3791 1603 3842 euutsntos
1610 3783 1667 3840 suis
1678 3781 1878 3854 mimium

234 3863 415 3951 religionem,
437 3886 467 3938 ut
493 3886 599 3936 teneam
620 3886 708 3934 tameo
732 3877 765 3934 ad
792 3877 1027 3936 testificationem:
1080 3872 1206 3932 ieiicitute
1226 3875 1359 3934 risisset?
1382 3875 1436 3934 Sed
1457 3877 1559 3934 utinum
1582 3890 1647 3932 rere
1666 3875 1712 3936 isti
1735 3874 1794 3932 hats
1816 3875 1878 3947 ipsa

236 3968 307 4028 scot
317 3977 345 4031 et
359 3969 489 4044 promissa
504 3969 631 4037 oarrraiiu,
644 3985 704 4042 quae
716 3969 752 4026 toi
762 3971 942 4039 nominemur,
957 3971 1032 4028 uude·
1082 3973 1215 4036 maeeepta
1229 3967 1292 4026 rita
1306 3967 1427 4039 merids,
1442 3982 1558 4040 quom
1569 3973 1719 4032 estonum,
1730 3981 1765 4022 ns
1775 3979 1882 4024 emese

235 4060 346 4138 proprie
365 4059 449 4118 Tetus
467 4060 564 4119 dieitur
584 4060 795 4120 Testamentum.
811 4061 938 4130 momnis
956 4063 1029 4121 euim
1082 4057 1216 4129 tristamus
1230 4059 1367 4128 stimuum,
1381 4060 1482 4117 veliem
1499 4075 1535 4116 ex
1552 4059 1605 4116 iiis
1625 4059 1735 4116 Litteris
1746 4057 1882 4117 umere:

235 4153 304 4215 mihi
321 4161 422 4214 eteros
446 4154 577 4225 speranda
598 4153 715 4210 revelata
739 4153 807 4220 siut;
827 4162 855 4210 et
874 4155 916 4210 tua
939 4164 1028 4212 tamen
1081 4151 1203 4223 promotu
1214 4161 1458 4221 mansueseerent,
1470 4161 1499 4208 et
1511 4153 1782 4225 nitetistetiiperstrt
1794 4151 1882 4208 etium

236 4247 391 4306 attestantia
401 4246 472 4318 lego,
486 4261 546 4318 pum
559 4246 585 4304 iu
599 4245 681 4318 fipuru
694 4245 870 4318 contingebant
882 4245 935 4302 iiiis
945 4263 954 4314 ,·
966 4247 1030 4302 seri·
1082 4243 1127 4306 iliu
1143 4251 1277 4314 pereepta
1291 4245 1354 4302 sitm
1366 4243 1564 4316 sigertmanno,
1576 4245 1673 4316 ouibus
1689 4259 1784 4301 sorum
1798 4241 1880 4297 uitis·

236 4345 282 4410 pta
296 4344 354 4392 sunt
373 4345 457 4393 autom
474 4345 576 4408 propter
596 4352 658 4408 uos,
675 4335 703 4392 iu
721 4351 784 4406 quos
801 4337 859 4405 pinis
879 4337 1030 4395 tenuiorum
1083 4342 1136 4390 trnt
1158 4334 1294 4399 odessi),
1315 4343 1344 4393 ei
1364 4336 1403 4392 iili
1419 4345 1485 4394 ium
1499 4335 1613 4408 mitti
1627 4333 1793 4392 obtimi*
1810 4349 1882 4390 0⁰¹¹-

235 4427 334 4490 oiuenit
350 4427 371 4500 (i
386 4425 445 4486 Gor.
461 4427 559 4498 nit).
573 4425 665 4499 Teque
681 4428 704 4484 si
720 4427 832 4484 audistis
843 4428 907 4500 quid
921 4445 1032 4500 respon·
1082 4427 1198 4497 uouisse.
1221 4427 1277 4484 iios
1300 4437 1390 4485 antem
1415 4429 1879 4508 sumtuosissimae·

236 4517 348 4578 tleamus
370 4517 488 4590 iudaeis,
509 4517 600 4576 audite
628 4524 656 4575 st
681 4518 745 4594 quid
771 4519 929 4591 objiciamus
950 4521 1032 4580 diarii
1085 4527 1212 4590 mousom
1232 4519 1350 4576 aimon
1373 4522 1606 4592 sumpisoirmts,
1626 4535 1691 4577 rum
1707 4536 1740 4578 eo
1758 4521 1886 4592 mamus

236 4607 329 4670 citreis.
1082 4625 1144 4682 poce
1165 4612 1192 4666 t'rt
1215 4612 1301 4684 {ipsus
1315 4613 1494 4686 cmiiuqeiuut
1515 4613 1592 4682 istm·
1606 4615 1702 4687 scripto
1716 4623 1775 4670 sruu
1792 4623 1881 4670 m

271 4697 385 4756 CAPUT
399 4697 764 4767 iii-CortoFaustusdixit,
773 4701 929 4760 turbarinus
940 4717 1030 4778 posse,
1084 4712 1187 4774 propter
1200 4719 1263 4773 nus,
1278 4704 1306 4760 iu
1324 4721 1389 4775 quos
1409 4706 1469 4777 iuris
1490 4706 1641 4762 muium
1664 4705 1787 4762 domii
1808 4704 1885 4761 roro

235 4789 353 4848 duobis
366 4791 452 4849 touaet
471 4791 607 4850 dixerint:
623 4791 711 4864 Quare
730 4793 828 4851 tenetis
845 4794 928 4851 vetos
942 4794 1033 4856 Testa·
1083 4797 1156 4871 qsrod
1176 4812 1231 4856 oon
1252 4799 1418 4870 ooueupiseit
1436 4801 1571 4869 alienum,
1592 4799 1640 4872 pud
1659 4797 1713 4856 ios
1728 4797 1886 4872 septumo

235 4889 368 4950 memum,
378 4883 454 4956 eujus
465 4891 596 4959 praecepta
608 4897 662 4941 uon
672 4883 840 4940 observetis?
853 4875 955 4952 Qitoos
968 4901 1030 4956 rus,
1084 4893 1212 4963 seriptum
1227 4901 1268 4949 est
1279 4900 1390 4965 propter
1401 4891 1503 4964 ipsum

232 5033 634 5062 'm

647 5237 651 5246 .
680 5139 918 5250 LIBER
950 5141 1433 5257 mundatoriis,

273 5427 388 5487 CAPUT
400 5429 579 5490 tutudit-
587 5429 710 5490 Tuusrus
723 5435 790 5492 diruit
801 5437 974 5508 :Apostoium
987 5453 1033 5495 oo·
1087 5439 1202 5496 iiomitm
1214 5449 1310 5498 nostre
1323 5438 1449 5498 notuisse
1466 5437 1637 5496 suumin.
1658 5436 1714 5496 Sed
1732 5437 1796 5509 mis
1807 5435 1889 5494 ruitis

239 5523 323 5598 cipis?
337 5523 371 5579 iit
384 5525 508 5580 maxime.
520 5521 574 5582 Gur
587 5539 651 5600 ergo
662 5542 715 5584 uuo
727 5529 815 5588 orodis
827 5531 925 5590 Titium
940 5531 985 5587 Dei
1000 5546 1034 5586 ex
1086 5533 1122 5594 ita
1138 5532 1236 5604 piaret,
1248 5532 1294 5604 qui
1304 5546 1442 5602 umquam
1453 5529 1666 5590 massmannus
1677 5527 1891 5599 arditissiitptid

240 5616 343 5672 semiue
354 5615 436 5672 iiauid
451 5625 542 5672 uatum
558 5619 706 5678 seeundum
719 5636 827 5680 carnem
843 5626 930 5697 (nom.
945 5639 970 5693 t,
985 5623 1035 5696 dii
1085 5639 1148 5682 esso
1161 5625 1189 5682 io
1204 5624 1333 5697 spostoto
1345 5633 1545 5694 cummium,
1563 5635 1598 5679 Μ
1617 5621 1669 5678 ¹¹⁰0
1685 5619 1795 5693 ΨΜ
1806 5619 1893 5681 ⁸⁰5⁸

239 5705 298 5764 tuo
322 5705 445 5778 nunidem
466 5706 625 5768 crediderim
648 5711 806 5783 Apostolum
830 5714 876 5772 itui
900 5714 1035 5772 contraria
1086 5715 1178 5776 sciatis
1190 5731 1252 5774 esse
1262 5715 1428 5774 soumarias
1459 5713 1491 5772 Si
1508 5711 1619 5785 ustsn
1636 5711 1695 5770 ias
1705 5721 1783 5770 retum
1794 5709 1893 5770 uidua-

126 5808 128 5814 ·
241 5801 291 5858 sibi
306 5801 422 5862 seribere
436 5801 571 5875 putuisse,
586 5811 613 5864 et
626 5805 705 5864 modo
719 5807 803 5879 ioue,
819 5807 899 5868 ruodo
914 5807 988 5866 iiiam
999 5808 1036 5866 de
1088 5817 1132 5869 tur
1143 5823 1204 5870 usse
1217 5817 1246 5868 et
1260 5808 1370 5882 auduus
1381 5805 1473 5882 opinis
1483 5805 1561 5867 raros
1571 5805 1609 5866 da
1618 5805 1700 5876 duta,
1710 5814 1776 5864 tn
1784 5816 1848 5862 stru
1860 5812 1894 5863 d
