4034 6334
809 340 855 400 ull
873 335 1071 407 summale,
1089 335 1118 396 8.
1138 337 1321 400 euaus'rtttt

246 344 318 410 toto
1818 347 1888 406 tuoe

246 465 332 522 ηηιη
345 475 428 534 pen
443 460 542 528 etat,
558 467 587 517 u
599 458 634 516 aa
653 471 688 516 eo
699 454 1039 530 maerensmaerens
1096 453 1217 513 rottae
1229 473 1316 514 ηηη
1329 455 1446 531 (tran.
1459 474 1503 532 ιη,
1516 459 1563 534 a).
1576 461 1611 518 ιη
1623 427 1810 522 annonarias
1828 481 1890 523 aar·

247 556 284 613 alt
294 555 405 627 Angelis
421 554 538 620 sanetis,
551 551 751 624 incorruptibile
764 565 863 622 eorpus
877 549 905 606 in
918 548 972 604 ine
989 562 1041 604 see-
1094 547 1136 603 uis
1156 547 1202 604 illo
1221 549 1376 620 perficietur
1388 561 1524 610 momento
1538 556 1763 628 resurrectionis,
1780 557 1815 615 de
1834 575 1889 631 guo

245 647 300 704 eoli
320 661 376 703 non
396 643 431 701 ad
450 659 574 716 poenam,
587 641 682 700 sedati
697 641 810 715 gloriam
822 648 987 711 recepturos.
1009 637 1040 694 ln
1094 639 1130 695 ait
1142 643 1279 712 apostolus
1294 643 1604 718 Paulos,lnicmoeuli,
1618 649 1797 707 innovissimo
1816 653 1887 723 mia,

246 740 299 798 itae
308 740 408 812 quippe
419 738 537 811 imagine
547 744 612 794 ωηο
625 735 743 808 perlecta
757 736 811 792 erit
820 735 868 791 net
880 732 1039 802 similitudo,
1093 742 1117 788 et
1137 739 1231 792 mertui
1250 749 1382 811 resurgent
1403 741 1543 814 incorrupti
1554 759 1564 809 ,·
1587 751 1611 798 et
1632 761 1678 800 not
1698 745 1889 804 immutabimur

246 830 353 904 mando
364 830 411 886 liei
423 828 542 901 perlecta
556 829 610 885 erit
623 828 699 884 risio.
712 828 750 884 lle
763 841 814 899 gira
827 825 894 882 dicit
903 824 1040 896 apostolos
1094 824 1121 898 (Ι
1132 823 1191 882 Cor.
1204 843 1252 896 xv,
1263 827 1322 902 52).
1336 831 1366 886 ln
1381 831 1441 902 ipso
1455 847 1570 904 namque
1583 834 1637 889 ictu
1653 835 1722 890 oculi
1736 846 1799 894 ante
1813 837 1888 910 jodi-

246 923 345 982 Paulus
364 941 372 978 ε
391 923 512 980 Videmus
533 939 600 978 nune
624 938 669 995 per
692 922 823 994 speeuium
846 921 874 975 in
896 921 1038 991 enigmate,

246 1024 307 1073 tune
317 1026 402 1074 autem
413 1018 479 1091 faeie
489 1015 525 1072 nd
537 1017 629 1091 facien
641 1017 651 1090 i
658 1015 734 1071 lCor.
746 1030 804 1083 xrn,
815 1013 873 1086 11).
885 1011 952 1070 ltem
963 1013 1039 1081 dicit,

247 1110 304 1167 lina
315 1121 400 1167 nutem
413 1111 522 1166 reuelato
535 1110 600 1181 faeie
615 1109 723 1181 gloriam
740 1108 843 1163 Domini
864 1106 1036 1178 speculantes,

246 1205 275 1258 in
293 1203 407 1259 eamdem
422 1203 558 1276 imaginem
575 1205 788 1274 tramgmnmmur
800 1204 832 1256 de
848 1199 931 1272 gloria
943 1202 970 1254 iu
981 1199 1040 1271 glo-

234 1295 327 1366 riam,
342 1304 461 1366 tanguam
476 1293 607 1349 allantini
622 1293 713 1364 spiritu
728 1290 766 1366 (ll
777 1290 837 1347 Gor.
849 1307 888 1360 tn,
903 1291 954 1364 18)
966 1306 973 1345 a
987 1289 1041 1347 hoe

248 1387 375 1458 estquod
388 1387 417 1441 it
428 1386 463 1443 de
476 1385 520 1442 die
534 1386 561 1441 in
575 1385 645 1442 diem
660 1386 728 1441 berre
740 1384 949 1456 proficientibus.

212 1467 224 1544 t
285 1479 398 1538 canor
413 1479 552 1536 ωηο-
564 1479 609 1536 at.
625 1479 758 1535 saeuum
769 1477 878 1533 aarum
895 1495 928 1534 aa
946 1476 1042 1532 ηηω-

248 1572 332 1643 geuda
343 1573 377 1627 tle
386 1575 474 1644 {utura
485 1580 572 1627 nostra
589 1570 755 1626 similitudine
770 1587 828 1624 eum
842 1567 910 1624 Filio
922 1568 971 1624 Dei
983 1570 1041 1640 ipsa

249 1661 324 1716 enam
342 1662 664 1733 immortalitatecorporis.
687 1660 831 1730 Apostolus
849 1670 937 1715 autem
957 1659 1041 1715 loan-

248 1767 297 1808 nes
313 1771 320 1806 :
334 1751 507 1820 dilectissimi,
520 1752 615 1823 inquit,
628 1767 695 1805 nune
707 1751 755 1820 filii
767 1748 816 1805 liei
830 1765 927 1816 sanius,
941 1759 966 1804 et
978 1767 1041 1812 natt-

249 1844 310 1898 dum
328 1845 465 1916 apparuit,
487 1842 549 1914 guid
563 1844 657 1898 erimus
669 1859 679 1896 .·
692 1841 786 1897 aeinms
806 1850 891 1896 autem
905 1841 965 1910 guia
983 1856 1042 1894 cum

249 1935 407 2006 apparuerit,
423 1932 516 1988 tinniet
534 1933 558 1987 ai
574 1933 678 1998 mmor,
691 1932 810 2003 guoniam
829 1930 968 1986 uidebimur
983 1947 1042 1985 eum

248 2025 324 2081 sicuti
345 2032 381 2080 ext
395 2023 561 2095 (lloanmn,
575 2023 620 2094 2).
644 2023 713 2078 llinc
734 2030 846 2094 apparet
864 2031 929 2078 ωηο
942 2023 970 2078 in
991 2022 1042 2077 ista

248 2119 364 2191 imagine
376 2118 424 2175 liei
436 2118 494 2174 lieri
508 2117 567 2188 ejns
579 2117 685 2187 plenam
704 2115 919 2183 similitudinem,
934 2115 1042 2189 quando

248 2213 307 2284 ejns
324 2213 430 2283 plenam
452 2211 602 2283 perceperit
615 2210 757 2265 visionem.
781 2208 937 2279 Quanquam
959 2208 1043 2279 possit

249 2303 301 2360 hoc
321 2318 336 2359 a
353 2303 456 2362 ioaunc
476 2305 598 2373 apostolo
616 2303 697 2358 etiam
712 2301 746 2358 de
765 2301 966 2357 immortalitate
978 2315 1040 2357 cor·

248 2396 322 2468 poris
336 2396 435 2452 dietum
447 2395 540 2452 uideri.
557 2395 590 2450 lit
605 2395 631 2450 in
647 2395 697 2451 itae
716 2395 814 2467 quippe
827 2395 928 2451 similes
941 2393 1042 2452 erimus

250 2489 323 2558 lieo,
336 2489 384 2546 sed
399 2488 584 2546 tantummodo
598 2487 684 2558 Filio,
698 2487 759 2560 guia
774 2488 848 2545 solas
872 2489 900 2544 in
912 2487 1042 2545 Trinitate

249 2595 346 2653 eorpus
357 2585 477 2653 aceepit,
492 2583 520 2638 in
532 2597 586 2654 quo
598 2589 719 2638 mortuus
733 2581 899 2647 resurrexit,
913 2590 994 2654 atoue
1014 2579 1043 2638 id

249 2673 283 2730 ad
302 2690 416 2746 superna
435 2676 566 2747 perrexit.
585 2674 651 2732 llam
670 2675 768 2731 dieitur
785 2676 866 2732 ctiam
885 2676 934 2732 ista
954 2674 1042 2744 imago

249 2764 309 2822 Filii
323 2766 381 2834 liei,
396 2769 487 2840 inqua
504 2769 574 2825 sicut
589 2767 634 2823 ille
655 2767 807 2825 immortale
818 2781 916 2838 eorpus
928 2765 1042 2824 habebi·

1093 920 1164 976 cium
1176 931 1298 994 resurget
1319 923 1346 980 in
1359 926 1475 992 virtute,
1488 927 1515 981 in
1529 927 1746 1000 incorruptione,
1762 930 1788 984 in
1802 932 1889 1002 gloria

1094 1025 1191 1082 eorpus
1202 1015 1349 1084 spirituale,
1361 1018 1434 1088 qood
1445 1033 1515 1074 nune
1524 1017 1673 1075 seminatur
1681 1020 1709 1076 in
1721 1020 1887 1094 infirmitate,

1093 1114 1275 1175 corruptione,
1289 1109 1450 1164 contumelia
1464 1123 1561 1180 corpus
1573 1109 1699 1168 animale.
1719 1111 1809 1185 imago
1821 1129 1890 1172 vero

1093 1211 1152 1268 guse
1164 1207 1306 1256 renovatur
1319 1201 1345 1256 in
1356 1202 1450 1272 spirito
1463 1202 1560 1259 mentis
1576 1203 1601 1258 in
1615 1204 1750 1275 agnitione
1762 1205 1820 1272 liei,
1832 1222 1889 1264 non

1093 1290 1221 1358 exterius,
1236 1290 1283 1346 sed
1298 1291 1410 1349 litterius
1422 1294 1455 1349 de
1468 1295 1511 1351 die
1524 1295 1550 1350 in
1565 1295 1652 1362 diem,
1663 1297 1720 1368 ipsa
1733 1299 1890 1368 perlicietur

1093 1380 1205 1449 visione,
1221 1398 1281 1453 quae
1296 1392 1359 1440 tnnc
1373 1385 1424 1440 erit
1436 1396 1496 1456 post
1505 1385 1635 1457 judicium
1649 1387 1718 1445 laeie
1729 1389 1762 1445 ad
1776 1388 1887 1460 faciem,

1094 1486 1164 1528 nune
1177 1482 1267 1530 antem
1281 1476 1386 1546 proficit
1402 1494 1449 1548 per
1466 1479 1605 1549 speculum
1621 1481 1646 1536 in
1661 1483 1802 1554 aenigmate
1822 1481 1887 1558 (ld.

1092 1579 1151 1630 xm,
1164 1564 1218 1637 11).
1238 1567 1351 1636 Propter
1367 1570 1443 1639 eujus
1461 1571 1652 1642 perlectionem
1671 1575 1770 1631 dictum
1790 1577 1890 1634 intelli·

1093 1656 1209 1728 gendum
1223 1667 1273 1724 est,
1287 1659 1389 1716 Similes
1402 1663 1425 1716 ei
1438 1663 1540 1731 mutus,
1551 1666 1670 1736 quoniam
1682 1667 1820 1723 uidebimus
1831 1685 1890 1726 eum

1093 1749 1168 1804 sicuti
1180 1759 1226 1806 est.
1242 1751 1299 1808 lloc
1311 1755 1383 1808 enim
1397 1753 1496 1810 dotium
1509 1756 1518 1788 ¹
1531 1765 1595 1814 tunc
1608 1758 1685 1814 noltis
1698 1759 1813 1828 dabitur,
1827 1777 1890 1818 eunt

1094 1839 1194 1896 dictum
1215 1842 1310 1912 luerit,
1331 1844 1432 1912 Venite,
1447 1845 1569 1922 benedieti
1582 1847 1668 1903 Patria
1682 1853 1731 1904 mei
1740 1892 1747 1917 ,
1764 1853 1891 1922 possidete

1094 1943 1212 2003 paratum
1225 1935 1294 1989 uobis
1307 1953 1412 2008 regnum
1426 1935 1531 2009 (Marti.
1549 1955 1613 2006 xxv,
1630 1941 1688 2010 51).
1702 1941 1776 1997 'lonc
1789 1945 1891 2014 quippe

1095 2028 1204 2084 tolletur
1216 2029 1323 2100 impius,
1335 2038 1365 2085 ut
1377 2045 1430 2086 non
1439 2031 1526 2087 videat
1536 2033 1685 2088 claritatem
1695 2035 1800 2091 llomiui
1810 2033 1890 2109 (lsai.

1094 2119 1251 2190 xxv1,l0),
1266 2120 1372 2190 girando
1387 2121 1464 2176 ibunt
1478 2121 1579 2177 sinistri
1594 2126 1620 2178 in
1636 2125 1796 2194 supplicium
1810 2137 1891 2185 mter·

1094 2225 1175 2280 num,
1198 2212 1320 2267 euntibus
1348 2213 1448 2269 dextris
1478 2214 1504 2269 in
1529 2215 1608 2270 vitam
1631 2225 1756 2272 aeternam
1779 2217 1889 2292 (llattlt.

1094 2317 1161 2369 xxt,
1175 2299 1232 2377 to).
1244 2301 1308 2358 liae
1318 2313 1355 2359 est
1368 2313 1462 2373 autem,
1475 2306 1543 2362 sieut
1555 2305 1712 2374 attterttas,
1724 2310 1772 2362 aitn
1781 2319 1890 2379 marta,

1094 2404 1123 2449 ut
1135 2405 1288 2467 cognoscant
1302 2405 1343 2464 ta,
1356 2398 1457 2468 inquit,
1472 2415 1551 2454 unttm
1563 2416 1649 2454 uerum
1657 2399 1757 2468 Deum,
1771 2410 1796 2456 et
1814 2419 1890 2476 gum

1097 2487 1188 2542 misisti
1197 2485 1286 2542 lesum
1297 2485 1428 2544 Christum
1442 2487 1532 2560 (loon.
1546 2507 1612 2559 xvtt,
1626 2491 1666 2564 3).

1130 2578 1175 2635 16.
1195 2578 1269 2635 Ηηηο
1287 2580 1520 2650 contemplativam
1539 2583 1712 2653 sapientiam,
1729 2599 1810 2655 garam
1826 2600 1891 2657 pro·

1095 2672 1152 2744 prie
1166 2680 1229 2742 puto
1243 2671 1270 2728 in
1282 2671 1390 2730 Litteris
1404 2677 1504 2731 sanctis
1518 2691 1533 2730 a
1548 2675 1658 2732 seientia
1679 2677 1831 2735 distinctam
1847 2695 1892 2736 sa-

1094 2763 1223 2835 pientiam
1236 2765 1399 2835 nuncupari,
1414 2765 1543 2822 duntaxat
1557 2766 1689 2834 hominis,
1702 2785 1763 2840 guae
1783 2771 1892 2842 quidem

249 2871 326 2927 mus,
339 2856 492 2916 eonlounes
506 2857 568 2915 iacti
582 2860 609 2914 io
631 2857 681 2915 ltae
695 2867 787 2929 parte,
803 2874 856 2915 non
870 2857 959 2914 Patris
972 2858 1042 2914 ima·
1094 2855 1132 2912 illi
1147 2864 1269 2924 nonest,
1285 2857 1336 2912 nisi
1352 2857 1386 2912 ab
1399 2857 1443 2912 illo
1455 2858 1530 2929 curius
1544 2860 1745 2930 participatione
1763 2877 1828 2919 uere
1847 2879 1892 2920 sa-

248 2950 319 3022 ginis
331 2957 378 3005 aut
389 2949 504 3023 Spiritus
517 2951 612 3019 saneti,
626 2950 674 3007 sed
688 2951 873 3008 tantummodo
884 2951 964 3017 lilii,
979 2952 1042 3022 qnia
1094 2947 1171 3017 piens
1195 2946 1252 3002 lteri
1276 2963 1353 3003 mens
1375 2949 1512 3004 rationalis
1534 2958 1561 3005 ct
1583 2949 1770 3008 intellectualis
1792 2963 1892 3026 potest,

249 3041 285 3097 de
305 3040 357 3097 ltoc
376 3043 434 3098 solo
455 3043 561 3115 legitor,
585 3053 613 3099 et
635 3043 688 3101 lide
708 3044 874 3100 sanissima¹
899 3045 1040 3117 accipitur,
1094 3037 1188 3095 Cicero
1207 3039 1398 3095 commendans
1423 3040 1448 3095 in
1471 3039 1524 3096 flue
1545 3041 1642 3113 dialogi
1659 3043 1794 3099 llortensii
1807 3063 1815 3102 :
1830 3045 1895 3112 Quor

255 3131 364 3188 Vatum
385 3149 444 3190 earo
458 3137 555 3206 [aarum
569 3144 605 3191 eat
618 3133 714 3208 (loun.
726 3152 749 3202 t,
764 3135 828 3206 14).
843 3135 957 3206 prpptar
970 3135 1042 3210 qnod
1094 3129 1177 3198 uoltis,
1188 3129 1284 3202 inquit,
1295 3131 1348 3186 dies
1358 3139 1493 3204 uoetesgue
1502 3133 1728 3204 considerantibus,
1737 3135 1894 3194 nauentiius·

251 3224 396 3294 Apostolos
411 3243 418 3281 a
435 3225 504 3294 Quot
518 3235 594 3296 aute,
615 3227 710 3297 inquit,
735 3227 859 3305 manauit
871 3236 894 3281 et
909 3226 1042 3299 pradesti-
1095 3238 1143 3293 gua
1160 3222 1365 3294 intelligentiam,
1379 3239 1436 3295 gua
1449 3232 1486 3279 est
1503 3225 1592 3280 utentis
1604 3226 1688 3293 acies,
1701 3229 1894 3300 ementiumque

250 3318 321 3372 nouit
333 3319 475 3389 conformes
486 3319 543 3388 fieri
555 3319 674 3391 inmgluis
687 3317 751 3373 Filii
764 3319 820 3387 sati,
835 3328 862 3374 ut
874 3319 906 3374 sit
919 3320 974 3390 ipae
987 3320 1044 3390 pri·
1095 3332 1128 3372 ne
1140 3315 1241 3388 mantio
1259 3316 1306 3372 illa
1319 3316 1449 3386 lteiescat,
1463 3317 1491 3372 tu
1505 3327 1557 3387 est,
1573 3319 1599 3374 in
1613 3320 1777 3393 pattosopnta
1789 3323 1894 3377 ainmti·

251 3412 392 3483 magenitus
406 3413 433 3468 in
446 3412 534 3467 multia
545 3410 665 3481 [ratribus
679 3410 766 3486 (llam.
780 3429 842 3482 uttt,
856 3412 918 3488 29).
940 3413 1043 3470 Primo·
1090 3409 1142 3473 lut
1155 3425 1248 3482 magun
1260 3425 1317 3480 spes
1328 3420 1376 3490 eat,
1387 3417 1432 3465 aut
1444 3412 1467 3465 si
1478 3413 1525 3466 loe
1536 3412 1605 3481 gued
1615 3413 1736 3468 sentimus
1746 3421 1771 3468 et
1780 3415 1894 3485 sapimus

253 3505 353 3575 gmitue
362 3503 452 3577 ntique
461 3521 478 3558 a
488 3504 592 3559 mortuis
601 3502 749 3560 seeundum
758 3504 881 3561 eumdem
891 3506 1044 3576 apostolum
1095 3501 1204 3557 mortale
1216 3511 1240 3557 et
1254 3501 1379 3556 caducum
1392 3511 1439 3571 est,
1451 3503 1595 3575 jacanaam
1605 3503 1677 3560 uoltis
1688 3507 1828 3576 pnsuneta's
1839 3523 1895 3560 rnu-

253 3593 363 3667 (Goloss.
377 3612 397 3662 1,
411 3596 478 3669 18),
493 3611 546 3668 qua
560 3605 647 3655 morte
663 3597 793 3653 seminata
813 3606 855 3653 cst
868 3613 931 3654 earo
943 3599 1002 3670 ejus
1015 3599 1044 3656 in
1096 3593 1198 3648 ueniet
1214 3592 1332 3648 humanit
1348 3607 1483 3658 occatum,
1499 3609 1579 3664 uenae
1597 3594 1727 3649 matutam
1745 3595 1893 3650 exstinctio·

252 3687 430 3751 contumelia.
456 3689 604 3745 resurrexit
626 3689 653 3744 in
676 3689 770 3761 gloria.
796 3689 948 3746 Smundum
973 3691 1045 3748 hane
1096 3700 1171 3751 nem,
1190 3691 1214 3738 0²
1233 3684 1305 3752 ‘ll‘lii
1323 3685 1430 3753 ‘illelmi
1450 3683 1507 3739 ¹²⁵¹oe
1527 3685 1604 3753 [01θέ
1616 3693 1660 3739 ⁰¹⁸¹
1680 3685 1720 3754 ⁸3·
1735 3694 1762 3740 “l
1785 3687 1895 3756 antiquit

253 3779 396 3851 imaginem
406 3779 479 3847 Filii,
491 3782 535 3839 eui
547 3795 595 3852 per
606 3781 833 3837 immortalitatem
844 3781 1044 3840 conlormamur
1096 3776 1254 3850 philosophis
1267 3777 1353 3848 litate
1364 3778 1482 3833 medium
1495 3776 1616 3850 lunaeque
1627 3777 1776 3835 cladtdmt't
1786 3779 1893 3850 placuit,

253 3871 282 3927 itt
295 3885 416 3943 corpore,
430 3871 510 3930 etiam
526 3871 591 3928 illud
602 3873 706 3944 agimus
716 3872 788 3944 guod
805 3871 869 3929 dicit
887 3873 959 3930 idern
977 3888 1043 3944 apo·
1096 3877 1202 3924 oetemos
1216 3869 1314 3923 animos
1328 3883 1358 3922 aa
1373 3867 1471 3923 diuinos
1486 3868 1622 3935 ualemus,
1642 3869 1679 3923 sie
1698 3869 1896 3925 existimandum

252 3964 355 4032 stolus,
370 3963 444 4020 Sietu
458 3965 613 4034 pmtnnitnm
633 3965 769 4038 imaginem
791 3967 899 4036 terreni,
914 3977 1045 4038 pertentas
1096 3971 1144 4029 est,
1155 3979 1204 4033 guo
1216 3962 1296 4033 treuga
1310 3962 1337 4016 iri
1351 3962 1445 4032 [uenat
1458 3978 1556 4032 temper
1569 3963 1596 4016 in
1608 3979 1653 4017 ruo
1666 3979 1753 4030 eursu,
1766 3963 1794 4017 ta
1806 3972 1853 4029 est,
1868 3963 1896 4018 in

253 4067 277 4113 et
288 4059 424 4130 imaginem
436 4063 491 4131 ejus
503 4063 547 4134 gm'
563 4059 595 4114 aie
608 4062 670 4116 ηοω
682 4071 719 4117 ert
733 4060 761 4135 (l
772 4059 832 4119 Cor.
846 4078 893 4130 xv,
907 4063 943 4120 43
950 4104 959 4132 ‚
970 4061 1023 4134 iti)
1036 4080 1043 4119 t
1097 4056 1196 4111 ratione
1209 4065 1232 4111 et
1244 4053 1411 4126 inuestigandi
1425 4054 1578 4125 eupiditate,
1592 4065 1615 4109 et
1634 4071 1683 4126 gua
1703 4056 1787 4110 minus
1804 4071 1833 4109 te
1845 4055 1895 4109 ati·

254 4161 283 4208 ut
295 4152 398 4208 scilieet
411 4154 455 4224 goi
470 4153 618 4211 secundum
632 4154 717 4210 Adam
730 4154 858 4211 mortales
871 4155 988 4224 luimus,
1001 4170 1046 4212 se·
1097 4147 1241 4202 mlwtffl'nl
1258 4155 1332 4216 ‘lille
1344 4147 1514 4216 ''mill'fflffl'll
1534 4147 1665 4201 hminum
1685 4147 1751 4202 ”5¹5⁸
1764 4155 1787 4200 θ’
1798 4147 1895 4201 mli·

253 4243 369 4302 gundum
382 4243 518 4301 christum
534 4246 698 4303 immortales
714 4261 764 4303 nos
782 4245 902 4316 tuturos,
918 4247 970 4303 fide
982 4259 1045 4302 vera
1098 4237 1158 4308 ius,
1172 4238 1220 4292 ltoc
1239 4237 1279 4292 itit
1299 4239 1439 4310 [etcinerem
1451 4253 1582 4293 amentum
1596 4249 1620 4294 et
1632 4238 1739 4293 reditum
1756 4238 1783 4292 in
1800 4237 1896 4292 celum

255 4348 283 4397 et
296 4353 345 4411 spe
356 4345 429 4395 certa
442 4338 574 4410 llrmaque
588 4348 734 4395 teneamus.
748 4338 793 4396 sic
804 4339 875 4396 enim
888 4354 959 4396 nunc
972 4353 1046 4396 eam.
1098 4335 1163 4403 gare.
1177 4329 1279 4387 lleinde
1297 4331 1398 4386 addens
1413 4329 1481 4385 ltane
1495 4330 1579 4400 ipsam
1593 4331 1757 4396 clausulam,
1770 4337 1897 4400 repeten-

147 4439 153 4452 “
254 4429 316 4487 dent
327 4430 469 4502 imaginem
479 4439 586 4502 portare
596 4445 747 4502 munaus,
761 4431 879 4489 nondum
890 4431 919 4488 in
928 4432 1045 4504 risione,
1097 4421 1186 4496 doque
1207 4437 1359 4478 sermnem
1381 4423 1498 4478 ssnlem'
1516 4441 1523 4478 t
1544 4422 1722 4496 Quapropter,
1744 4423 1847 4495 inquil,
1869 4431 1898 4478 ut

255 4523 303 4580 ,gg
321 4523 348 4580 j„
363 4524 432 4593 gg03
446 4524 565 4581 „ongum
579 4525 606 4580 1„
625 4541 671 4594 m,
692 4525 741 4583 ,gg
754 4525 780 4582 g„
794 4540 852 4596 ,gg
867 4526 906 4582 pe
924 4521 1046 4596 eorporis
1098 4511 1237 4588 aliquanao
1251 4516 1398 4570 taurinum
1410 4517 1505 4582 oratio,
1519 4516 1541 4569 ri
1556 4524 1600 4569 aut
1613 4515 1739 4586 matinga·
1760 4514 1898 4586 tranquille

254 4615 355 4687 quippe
364 4617 561 4674 resurreccione
573 4624 636 4674 tuno
648 4617 806 4690 loquebatur
815 4617 968 4690 Apostolus,
983 4631 1047 4675 cum
1098 4609 1224 4676 nolumus,
1241 4625 1298 4664 auur
1310 4609 1337 4664 in
1352 4607 1391 4664 itis
1403 4608 1499 4662 artibus
1510 4608 1664 4676 maemnuu,
1677 4617 1722 4662 aut
1733 4608 1756 4662 si
1768 4623 1800 4663 ea
1812 4608 1861 4662 nae
1870 4609 1897 4662 in

255 4705 313 4763 ltaec
326 4707 436 4765 diceret.
1100 4703 1177 4759 aliam
1191 4702 1260 4757 ltaud
1272 4703 1348 4775 paulo
1360 4702 1488 4758 meliorem
1499 4702 1603 4757 dantum
1616 4703 1754 4758 sinemuro
1769 4701 1897 4772 demigra-

291 4799 406 4856 caput
418 4799 490 4857 XlX.
500 4831 537 4843 -
547 4801 592 4858 25.
605 4801 718 4857 loannes
732 4800 815 4872 potius
827 4799 1004 4874 intelligendus
1016 4799 1048 4856 de
1100 4814 1137 4862 re,
1148 4798 1175 4852 in
1187 4797 1226 4850 liis
1238 4796 1328 4851 studiis
1341 4794 1412 4851 nadis
1424 4797 1506 4851 ottenis
1518 4812 1596 4866 opera
1610 4805 1633 4850 et
1646 4812 1707 4850 eura
1719 4796 1839 4867 panemo
1849 4805 1894 4852 est.

257 4894 369 4966 pergama
377 4904 465 4949 nostra
473 4894 639 4950 similitudine
647 4910 705 4949 eum
713 4893 837 4950 Trinitate
844 4893 872 4949 in
881 4893 932 4949 uita
940 4902 1048 4952 eterna.
1101 4891 1151 4950 liie
1164 4893 1246 4948 miror
1259 4892 1394 4948 hominem
1409 4891 1476 4946 tanti
1491 4892 1607 4962 ingenii,
1621 4888 1769 4961 personetis
1782 4891 1898 4945 muneri-

257 4985 391 5054 Sapiemia
405 4989 515 5060 perseam
527 4993 554 5042 in
575 4987 737 5045 lentitudine.
753 4989 788 5043 At
802 5001 866 5042 vero
882 4987 928 5042 illa
948 4985 1047 5058 imago,
1101 4987 1152 5044 bus
1166 4985 1306 5052 humanis,
1323 4984 1475 5041 hominibus
1496 4983 1523 5039 in
1548 4982 1715 5055 philosophia
1737 4983 1899 5048 virentibus,

256 5079 290 5136 dc
303 5093 355 5150 grta
370 5078 469 5136 dictum
483 5088 541 5148 est,
562 5079 698 5137 Faciamus
712 5079 840 5136 nominem
861 5079 896 5133 ari
913 5079 1050 5151 imaginem
1102 5097 1162 5154 gtrae
1175 5079 1400 5150 contemplatione
1414 5077 1534 5134 veritatis
1547 5077 1640 5133 beatos
1659 5075 1738 5144 lacit,
1752 5077 1902 5147 jucundum

256 5178 280 5226 et
290 5169 482 5226 similitudinem
491 5179 603 5227 nestram
614 5170 690 5247 (Gen.
701 5189 721 5242 t,
734 5170 797 5245 16);
811 5171 936 5242 quianon
950 5171 1049 5228 dietum
1104 5173 1260 5246 promittere
1272 5186 1407 5238 oceasum,
1421 5173 1443 5226 sl
1457 5173 1508 5227 ltoe
1519 5170 1588 5242 gttod
1603 5171 1733 5227 sentimus
1746 5179 1774 5226 et
1783 5169 1902 5240 sapimus

258 5274 310 5329 est,
321 5261 363 5320 Ad
376 5278 474 5330 meam,
484 5263 538 5327 rel,
550 5263 590 5320 lo
605 5271 696 5321 taam:
714 5264 748 5320 ad
760 5264 902 5336 imaginem
912 5263 1051 5320 Trinitatis
1104 5267 1216 5324 mortale
1230 5275 1255 5322 ct
1267 5265 1395 5322 caducum
1409 5273 1450 5320 est
1464 5282 1470 5319 :
1483 5265 1560 5336 guasi
1572 5264 1624 5319 hoe
1635 5263 1765 5318 moriatur
1779 5273 1807 5317 et
1820 5262 1902 5316 inter·

260 5352 357 5409 sillum
374 5355 509 5412 imminent
524 5355 658 5412 cledifflui
669 5397 677 5422 η
690 5365 718 5412 0¹
738 5364 835 5428 l¹¹³¹¹¹³
852 5357 987 5428 ll⁰¹¹¹ll¹¹¹¹⁸
1007 5355 1051 5410 3¹¹·
1105 5363 1175 5418 eldat
1189 5359 1259 5432 qttod
1275 5375 1327 5415 nou
1340 5358 1526 5432 diligebamus,
1539 5357 1581 5413 rel
1597 5357 1684 5427 potius
1695 5355 1766 5426 quod
1777 5353 1903 5408 atrociter

260 5448 437 5518 leiliiillffllt
461 5447 723 5519 mlfehendlfflfls·
753 5447 789 5503 El
815 5447 876 5505 ideo
903 5445 1051 5503 secundum
1105 5453 1258 5520 oderamus,
1274 5461 1304 5508 ut
1314 5452 1448 5523 iucundus
1461 5451 1539 5506 nobis
1550 5449 1585 5505 sit
1596 5448 1653 5520 ejas
1667 5463 1790 5504 occasus.
1801 5446 1904 5503 Verum

261 5540 331 5596 itane
342 5539 432 5612 potios
442 5549 470 5597 et
486 5540 551 5597 illud
567 5541 767 5612 intelligendum
781 5550 822 5597 est
843 5539 914 5610 qood
928 5540 966 5594 ait
984 5554 1052 5609 apo·
1106 5545 1157 5602 hoe
1167 5563 1219 5601 non
1230 5545 1360 5600 didicerat
1370 5560 1385 5600 a
1397 5541 1573 5614 philosoplis,
1584 5557 1652 5612 goos
1663 5540 1767 5612 magnis
1780 5537 1904 5595 laudibus

261 5635 346 5690 tullus
359 5632 491 5698 imnum,
506 5631 609 5690 Simila
622 5634 646 5688 ά
658 5633 762 5700 emmas,
778 5633 898 5704 tutelam
912 5629 1051 5689 “deditum
1106 5639 1249 5713 praedicam
1266 5637 1313 5693 sed
1323 5652 1357 5692 ex
1371 5635 1415 5691 illa
1428 5649 1497 5692 nova
1510 5632 1671 5702 Academia,
1684 5631 1729 5688 ulti
1742 5631 1768 5690 ei
1780 5627 1902 5690 dubium

148 5792 152 5796 Α
262 5742 319 5784 eum
333 5728 407 5783 nauti
425 5727 557 5798 eueqttia
575 5736 602 5785 et
615 5726 650 5783 de
663 5724 804 5791 illedixit,
822 5725 857 5783 de
874 5740 927 5797 quo
948 5724 1053 5784 dixerat

292 5837 886 5904 siumeuroaemensiummn.

1138 5775 1147 5807 ¹
1165 5769 1274 5823 nonnulli
1283 5777 1349 5831 tiss,
1361 5768 1455 5821 ianmu·

1140 5837 1151 5872 ¹
1165 5831 1375 5899 resumamus,
1386 5841 1565 5898 saumonem
1570 5825 1666 5894 meat.
