4034 6334
254 370 310 431 m
789 362 838 422 bii
856 358 1053 431 rmnttnrc,
1072 360 1104 421 S.
1124 360 1310 425 accusabit
1847 376 1903 437 85⁶

254 483 587 556 babetimmartalitstsm,
601 486 847 555 nonergopropter
857 492 967 535 carnem
979 491 1052 535 mor·
1105 476 1365 538 balassedicrusest
1378 478 1594 552 beccensem
1605 483 1653 557 qui
1671 482 1860 551 dormiebam
1873 495 1904 551 ιιι

253 577 317 637 talis
328 587 371 636 est
388 576 472 636 Filius
485 594 493 633 r
508 578 533 635 si
545 583 635 634 satem
649 574 731 631 babet
750 571 866 645 Spiritus
877 578 986 629 sanctm
998 570 1052 627 im·
1105 569 1166 629 locc
1179 585 1232 628 non
1245 570 1328 629 luisse
1339 572 1481 644 ricibilcm,
1492 588 1553 633 curn
1566 584 1594 633 et
1604 576 1690 635 auam
1702 579 1775 638 dicat
1785 584 1859 655 quod
1869 600 1902 643 se

168 678 172 685 ·
255 669 464 737 mortalitatem,
477 682 533 726 non
551 666 586 725 do
597 666 678 724 Patre
689 662 873 722 commmoda
884 663 985 719 dicmm
997 670 1050 731 est,
1104 661 1275 720 absconderit
1293 679 1309 720 a
1329 662 1398 723 lacis
1411 664 1469 723 bei.
1484 667 1551 735 Quis
1564 678 1622 725 erat
1641 684 1707 743 ergo
1724 671 1790 732 illei
1809 685 1903 735 utrum

257 760 310 829 Qsi
327 760 397 817 salas
408 759 483 817 babet
502 757 727 815 inmortalitatem·
743 755 873 825 Quocirca
886 756 923 811 ita
934 768 964 811 se
977 751 1051 811 arbi·
1105 752 1194 824 Pater,
1220 771 1256 813 an
1268 756 1367 829 Filius,
1391 773 1426 816 aa
1439 758 1554 831 Spiritus
1572 764 1702 822 unctus?
1722 768 1765 823 An
1788 771 1903 829 omnino

254 861 361 909 transm
372 860 400 908 et
412 860 474 907 anta
487 849 699 907 incarnationem
709 846 897 920 perseipsum
909 845 1051 903 mortalem
1106 842 1175 904 licus
1187 847 1331 906 indiscrete
1347 850 1404 921 ipsa
1418 849 1554 919 Triarius,
1569 853 1595 909 in
1608 852 1695 913 torma
1716 857 1833 917 bominis
1845 862 1902 919 bo·

253 943 352 1001 Filium
374 942 647 1015 posssconviueero‚
660 940 723 1013 qula
743 939 802 1011 ipsa
821 935 984 995 mutabilitas
995 950 1052 993 non
1103 939 1170 997 mini
1190 938 1521 1013 loquebaturicontextio
1540 944 1649 1017 quidem
1668 948 1726 1019 ipsa
1751 951 1902 1026 Scripturas

252 1034 473 1093 incovenienter
484 1032 634 1091 mortalitas
648 1031 758 1099 dicitnr,
773 1030 920 1088 scmndcm
931 1044 1011 1101 quam
1023 1037 1051 1086 et
1103 1043 1232 1102 nusquam
1246 1032 1359 1089 mannire
1379 1034 1495 1113 seudum
1511 1051 1528 1091 a
1542 1051 1656 1109 persona
1675 1040 1708 1097 ad
1727 1056 1900 1113 personam:

253 1126 343 1184 anima
356 1125 455 1185 dicitur
467 1125 535 1182 mori
558 1144 565 1182 :
588 1139 644 1183 non
657 1124 720 1197 quia
739 1124 767 1181 in
780 1137 879 1194 eorpus
899 1121 942 1179 sci
961 1121 988 1177 in
1001 1120 1051 1177 ali·
1103 1122 1151 1181 scd
1168 1122 1213 1181 ille
1233 1124 1340 1183 ridetur
1351 1124 1424 1198 loqui
1438 1127 1472 1184 ad
1487 1129 1602 1199 primurn
1616 1130 1752 1191 bominem
1764 1135 1812 1213 qui
1825 1137 1903 1195 dice·

252 1233 333 1292 quam
346 1218 459 1276 alteram
473 1218 650 1276 substantiam
671 1223 790 1272 mutatur
809 1224 838 1271 ot
858 1212 1051 1271 sertitnrrsed
1102 1211 1158 1281 bat,
1170 1212 1232 1269 Fiat
1241 1214 1303 1282 lun,
1322 1224 1360 1287 et,
1369 1215 1432 1273 Fiat
1445 1218 1634 1289 firmmentm
1646 1222 1726 1295 (Gerr.
1738 1242 1757 1293 t,
1771 1227 1798 1295 d,
1814 1228 1855 1303 6),
1872 1238 1903 1288 et

251 1311 280 1367 in
294 1311 351 1383 ipsa
373 1325 422 1368 saa
441 1310 591 1367 substamm
612 1307 743 1380 quidquid
764 1306 817 1363 alio
830 1306 912 1363 modo
924 1320 996 1363 nuuc
1008 1312 1051 1363 est
1102 1313 1200 1363 cetera
1219 1320 1268 1379 per
1287 1306 1349 1365 iilos
1367 1309 1573 1381 singularitas,
1588 1328 1669 1386 quem
1683 1316 1767 1374 Deum
1788 1318 1901 1378 Patrem

150 1434 154 1442 ·
251 1418 284 1477 ac
302 1403 374 1475 luit,
396 1402 544 1461 secundum
558 1401 586 1459 id
606 1400 678 1473 quod
696 1398 800 1457 destitit
820 1396 966 1470 essequod
979 1405 1047 1465 crat,
1102 1396 1223 1456 solemus
1234 1400 1375 1472 accipere,
1394 1402 1528 1461 dicentem
1550 1413 1579 1461 ut
1601 1405 1648 1463 list
1666 1408 1795 1482 quidquid
1808 1412 1901 1471 lacere

252 1494 367 1553 mortale
379 1493 600 1567 deprehenditur.
614 1491 681 1560 Quia
693 1489 951 1563 itaque‚inquiunt,
971 1494 1048 1545 ante·
1102 1489 1195 1546 voluit.
1217 1490 1313 1548 Omnia
1333 1493 1403 1551 enim
1427 1510 1475 1566 per
1494 1495 1611 1555 Verbum
1629 1513 1709 1557 suum
1728 1500 1808 1573 lecit,
1824 1505 1901 1577 quod

251 1604 334 1661 quam
355 1597 435 1645 natus
449 1594 522 1644 essct
539 1584 625 1642 Filius
638 1583 688 1641 liei
708 1583 744 1641 de
765 1583 868 1655 virgine
879 1582 971 1648 liaris,
991 1582 1050 1654 ipsa
1102 1578 1220 1637 Verbum
1234 1580 1293 1652 ejus
1316 1583 1423 1641 unicum
1440 1584 1539 1643 Filium
1558 1587 1617 1659 rjus
1630 1591 1777 1648 secundum
1794 1603 1901 1651 rectam

250 1682 375 1755 appamit
387 1681 508 1754 patribus
527 1682 647 1749 nostris,
661 1693 715 1735 non
726 1681 755 1734 in
769 1693 822 1735 una
835 1671 983 1750 eademque
991 1692 1050 1749 spe·
1101 1669 1165 1727 idei
1174 1672 1293 1743 regulam
1306 1676 1439 1733 novimus.
1450 1676 1480 1735 Sl
1490 1692 1554 1751 ergo
1565 1678 1637 1737 Deus
1647 1680 1727 1738 Pater
1739 1682 1844 1741 locutus
1854 1694 1901 1745 est

251 1775 304 1842 cie,
319 1774 369 1831 sed
380 1772 591 1840 multiformiter,
606 1771 777 1847 alitergatqqe
790 1769 885 1846 aliter,
897 1779 926 1827 et
937 1769 1049 1828 visibilis
1101 1763 1136 1820 sd
1146 1764 1260 1835 adinum
1272 1765 1419 1838 bominem,
1432 1778 1459 1825 ct
1469 1770 1527 1841 ipse
1536 1770 1723 1831 deambulabat
1733 1774 1760 1831 in
1771 1777 1901 1847 paradiso

250 1877 293 1923 est
304 1880 352 1938 per
365 1882 396 1923 se
408 1867 508 1939 ipsum,
521 1864 583 1937 quia
595 1862 714 1921 nondum
728 1878 809 1920 carne
822 1873 970 1935 assumpta,
985 1864 1050 1920 snb·
1100 1854 1135 1911 ad
1146 1869 1297 1929 vesperam,
1310 1867 1337 1916 et
1350 1859 1385 1916 ab
1396 1859 1455 1932 eius
1467 1860 1536 1919 lacic
1549 1877 1579 1919 se
1592 1864 1620 1919 in
1634 1864 1723 1922 medio
1736 1866 1799 1941 ligni
1812 1883 1898 1941 para·

250 1957 348 2013 neritia
361 1954 420 2028 ejus
437 1956 580 2027 conspicua
593 1954 752 2012 moralibus
764 1954 851 2011 oculis
862 1953 926 2024 luit;
939 1962 968 2011 et
976 1970 1050 2011 mor-
1101 1945 1152 2003 disi
1165 1957 1289 2019 peccator
1301 1950 1479 2009 absconderat
1496 1970 1504 2010 ι
1524 1968 1573 2011 cur
1583 1954 1639 2027 iam
1654 1970 1710 2013 non
1724 1958 1781 2029 ipse
1794 1958 1899 2017 inteili-

250 2050 323 2117 nns,
337 2049 365 2104 m
379 2058 507 2121 quantun
521 2048 658 2103 moeonia
674 2047 730 2103 :tu
751 2055 779 2104 a
797 2046 912 2117 sperus
924 2055 1046 2119 metus,
1100 2047 1178 2111 eatan
1189 2043 1344 2112 adparuisse
1356 2044 1471 2101 nnana
1485 2054 1513 2102 ar
1524 2046 1624 2119 stayst,
1637 2057 1665 2106 st
1676 2048 1773 2122 auibus
1789 2052 1896 2125 voluit,

250 2142 296 2213 qui
317 2141 384 2196 alian
404 2140 546 2209 columba,
564 2139 631 2196 alias
652 2139 721 2209 ignis
741 2139 873 2210 apparuit.
895 2138 973 2196 Unde
992 2153 1047 2196 non
1101 2140 1128 2188 st
1141 2132 1367 2203 quemadmodum
1382 2135 1473 2204 uoluit,
1490 2152 1539 2209 per
1551 2140 1699 2211 subjectam
1711 2144 1762 2200 sibi
1774 2159 1900 2203 commu·

249 2229 385 2301 Trirritati,
399 2232 484 2300 aiunt,
500 2230 549 2288 sed
560 2229 730 2302 singulariter
741 2236 770 2285 et
782 2216 890 2302 proprie
900 2230 974 2286 Patri
987 2240 1048 2288 tan-
1099 2223 1209 2281 tabilem
1222 2233 1302 2297 atque
1313 2226 1446 2285 risibilem
1465 2239 1633 2300 creaturam,
1651 2248 1712 2291 cum
1727 2234 1824 2305 ipsein
1837 2238 1900 2309 ipse

250 2325 390 2382 mmmm
403 2324 528 2382 convenit
539 2323 611 2397 quoq
625 2322 726 2379 dierum
747 2332 799 2391 aar,
812 2320 969 2390 immonni,
980 2325 1047 2380 sm.
1099 2325 1180 2409 atque
1192 2317 1219 2373 in
1234 2318 1381 2377 substantia
1394 2336 1442 2377 sua
1456 2338 1507 2395 qua
1524 2333 1566 2379 est
1578 2324 1802 2385 incommutabilis
1814 2340 1899 2402 atque

248 2416 335 2486 sibili,
348 2418 397 2473 sali
414 2416 489 2486 Drap
502 2426 546 2484 et,
566 2416 617 2483 Qui
634 2414 704 2471 selus
723 2414 798 2470 babet
813 2414 1045 2484 immensitatem,
1100 2408 1239 2465 invisibilis
1253 2412 1378 2468 manenti
1399 2412 1453 2470 Sed
1467 2414 1525 2471 lieri
1540 2416 1626 2486 poluit
1639 2425 1669 2474 ut
1686 2433 1704 2475 a
1724 2418 1844 2489 persona
1861 2421 1899 2479 ad

249 2518 274 2565 et
287 2510 369 2565 larem
380 2509 505 2566 inhabitat
515 2505 712 2565 inamusibiiem
723 2522 734 2574 ,·
747 2523 822 2580 quern
831 2523 905 2564 nene
915 2507 1047 2565 nondam
1100 2514 1244 2573 personam
1258 2502 1364 2561 occulte
1376 2504 1515 2578 Scriptura
1529 2508 1665 2578 tmnsiret,
1676 2518 1773 2568 etcum
1784 2512 1898 2571 Patrem

247 2601 322 2672 sidit,
338 2617 383 2657 nes
394 2602 479 2657 ndns
490 2609 582 2673 petest.
1099 2592 1200 2651 dlxiiii
1214 2605 1359 2664 narrasset,
1375 2596 1438 2653 Fiat
1455 2599 1517 2669 iss,
1535 2608 1564 2657 et
1575 2608 1673 2659 canta
1686 2617 1746 2675 qua
1765 2618 1815 2675 per
1827 2604 1899 2663 ien-

285 2693 331 2749 lt.
350 2692 463 2750 Omissis
474 2708 539 2765 ergo
551 2692 621 2761 istis,
635 2689 682 2764 qni
695 2705 746 2749 nec
759 2690 857 2748 anime
868 2690 1047 2750 numantiam
1098 2686 1162 2745 bum
1184 2687 1280 2747 iecisse
1296 2700 1532 2762 commemoratur,
1547 2692 1604 2765 iam
1623 2693 1721 2751 Filium
1743 2695 1897 2755 indicaret¹

247 2784 410 2842 invisibilem
423 2799 504 2840 nosse
519 2789 675 2856 potuerunt,
688 2780 760 2840 unde
770 2782 851 2855 longe
865 2792 998 2840 mmotum
1011 2784 1046 2841 ab
1098 2779 1171 2851 loqui
1180 2780 1214 2837 ad
1224 2781 1339 2853 primum
1352 2781 1499 2853 bominem,
1513 2800 1567 2841 non
1579 2794 1672 2857 aperte
1681 2785 1733 2843 boc
1743 2788 1893 2859 eupbcans,

247 2875 288 2933 sis
300 2883 360 2931 crat
373 2884 402 2931 ut
414 2882 524 2932 nossent
539 2876 618 2931 unius
631 2882 660 2932 et
671 2874 754 2930 soiius
768 2872 834 2941 liei,
848 2874 875 2932 id
888 2882 941 2944 est,
952 2874 1047 2943 Patris
1099 2873 1147 2931 scd
1158 2874 1197 2931 eis
1211 2875 1257 2945 qui
1272 2884 1381 2946 possent
1390 2876 1592 2949 intelligendum
1606 2879 1743 2935 intimans.

247 2964 692 3037 a.rrn1espnmsancu,nan
705 2965 792 3022 naum
810 2965 982 3036 maceriem,
996 2951 1046 3025 vei
1105 2994 1107 2999 ·
1135 2968 1179 3026 ra.
1198 2968 1250 3038 our
1269 2984 1334 3040 ergo
1356 2969 1436 3027 nasac
1461 2971 1548 3038 vua„
1573 2972 1670 3043 qurum
1689 2972 1742 3029 noe
1758 2982 1897 3032 nucum

139 3118 147 3128 ,
246 3073 309 3115 rum
322 3066 351 3115 at
374 3057 619 3115 incommutabilem
639 3072 798 3130 permanere
811 3057 999 3127 substantiam,
1014 3074 1052 3143 ιιιΙ
1098 3063 1184 3133 possit
1197 3062 1295 3119 mentis
1308 3062 1366 3119 acie
1385 3071 1544 3135 penetrare,
1560 3072 1589 3121 ιιι
1607 3066 1633 3121 ei
1647 3063 1747 3137 liquido
1766 3077 1898 3137 appareat

149 3128 176 3164 ⁸
246 3165 299 3229 per
309 3150 401 3209 bocin
414 3166 478 3207 vera
490 3158 519 3208 et
535 3149 640 3207 sincera
657 3149 856 3206 immortalitate
873 3150 1043 3207 consistere:
1097 3154 1140 3210 rel
1156 3168 1235 3225 posse
1251 3155 1332 3211 etiam
1351 3155 1479 3225 Patrem,
1492 3157 1534 3213 sel
1555 3172 1608 3214 non
1622 3173 1703 3230 posse
1716 3159 1769 3215 nisi
1784 3158 1895 3231 Filium,

187 3246 192 3268 ¹
247 3241 360 3314 eosqui
380 3256 518 3315 nunqnam
536 3241 692 3313 apparuisse
703 3241 840 3312 corporeis
854 3242 939 3299 oculis
958 3242 1044 3299 ὓειιιιι
1097 3252 1127 3303 et
1140 3244 1268 3318 Spiritum
1283 3254 1416 3319 mnarum,
1430 3264 1479 3321 per
1492 3257 1643 3305 meatorum
1653 3248 1786 3306 siaibilem
1798 3250 1896 3307 buma-

249 3349 301 3392 nec
313 3334 431 3404 Patrem,
446 3350 498 3393 nec
510 3332 620 3402 Filium,
633 3309 684 3391 nde
695 3332 825 3404 Spiritum
837 3339 960 3390 sanctum
972 3333 1044 3391 dici·
1098 3339 1141 3395 nis
1152 3340 1238 3397 oculis
1256 3354 1396 3412 apparere,
1413 3352 1505 3413 pergat
1526 3341 1554 3397 in
1569 3341 1627 3397 baec
1640 3342 1792 3409 smumadu,
1810 3343 1834 3399 si
1848 3358 1898 3415 po·

248 3443 326 3499 nnus,
350 3428 403 3487 nisi
423 3444 472 3502 per
492 3428 641 3501 subiectam
659 3442 716 3484 suae
735 3427 861 3499 petasati
886 3442 1045 3500 corpoream
1098 3438 1171 3499 test,
1186 3431 1267 3488 etiam
1281 3431 1371 3489 verbis
1386 3428 1652 3505 enuntianda'atque
1670 3431 1811 3491 tractanda
1825 3452 1834 3492 a
1848 3450 1895 3493 res

248 3529 417 3591 creaturam,
428 3522 457 3579 in
469 3537 535 3595 paee
546 3520 677 3579 esmolics
691 3519 803 3593 proibeo
816 3520 906 3578 studio
923 3522 1044 3594 requira-

248 3628 320 3682 mus,
333 3612 419 3685 parati
429 3612 545 3685 corrigi,
562 3612 586 3669 al
606 3611 725 3669 lratemc
732 3618 857 3699 apperte
867 3611 1045 3683 reprebendi·

248 3719 327 3773 mm;
340 3706 426 3776 parati
441 3703 547 3762 etiamsi
560 3703 597 3760 ab
605 3703 725 3772 inimico,
739 3717 802 3759 vera
816 3710 905 3758 tamen
918 3702 1043 3774 dicente,

251 3796 424 3866 mordemur;
439 3804 528 3853 utrum
543 3794 687 3853 indiscreta
704 3794 777 3851 licus
795 3796 948 3867 apparuerit
962 3796 1045 3867 patri·

247 3892 300 3949 bus
320 3891 575 3961 nostrisantequam
596 3888 718 3959 cbristus
738 3888 844 3945 reniret
864 3887 996 3959 incarne,
1009 3904 1045 3947 an

249 3984 338 4057 aliqua
354 4000 388 4042 ex
406 3983 538 4044 Trinitate
548 4000 676 4059 pomona,
689 4000 725 4042 an
736 3984 891 4057 singillatim
903 3986 981 4057 quasi
994 4000 1045 4059 per

248 4089 332 4133 meas.
493 4096 503 4113 ·

284 4164 398 4224 CAPUT
416 4165 452 4223 Χ.
471 4198 508 4210 -
526 4168 571 4226 li.
590 4166 631 4222 Aa
639 4166 774 4241 indiscrete
784 4164 855 4224 Dens
863 4165 977 4224 Trinitas
987 4166 1044 4223 Pa-

248 4258 797 4335 trlbssapparuerr'lmnaiiquasairins'tata
803 4258 1044 4333 personadppari-

248 4353 284 4410 ts'o
299 4352 350 4410 Dei
365 4354 475 4410 ddamo.
494 4352 534 4408 De
546 4352 634 4408 eaden
651 4352 822 4425 apparitione.
840 4350 911 4407 Vitio
923 4350 1043 4407 Abrabae.

157 4453 189 4484 *³³
247 4445 424 4518 deprimam
436 4445 464 4501 in
478 4459 512 4503 co
525 4444 596 4518 quod
609 4444 637 4501 in
648 4443 748 4502 Genesi
759 4444 888 4516 scriptum
899 4450 952 4513 est,
967 4442 1043 4500 locu-

223 4518 309 4595 ῃιιιιιι
321 4536 408 4596 Deum
419 4552 481 4594 cum
493 4536 603 4595 bomine
614 4550 695 4608 quem
708 4534 817 4592 delimo
827 4535 951 4604 llnxemt,
963 4535 987 4591 si
997 4550 1045 4592 ex-

249 4636 328 4701 cepta
347 4629 459 4702 ιιςιιιιιι
471 4627 677 4701 significatione,
693 4635 723 4683 ut
734 4627 774 4683 rei
785 4635 868 4699 gestae
882 4626 949 4683 ides
962 4627 1044 4684 etiam

248 4722 284 4779 ad
297 4722 413 4779 litteram
428 4731 561 4786 tencatur,
575 4721 626 4777 ista
639 4727 796 4789 tractamus,
809 4720 837 4775 in
850 4719 941 4791 specie
952 4718 1044 4775 bomi-

224 4792 230 4807 '
247 4814 292 4871 m
303 4814 410 4871 vomer
423 4814 495 4871 naua
505 4827 568 4871 aun
586 4811 770 4870 nonanoeane
782 4812 897 4867 renam.
910 4808 969 4865 uon
982 4810 1045 4883 qur-

158 4960 164 4969 .
248 4906 312 4965 dem
322 4921 450 4979 expresse
463 4905 515 4963 boc
533 4906 562 4963 in
579 4904 650 4961 libro
669 4904 786 4976 positum
800 4912 851 4971 cst,
865 4902 913 4959 sed
928 4902 1045 4959 circum-

248 5003 346 5061 stantis
358 5002 501 5060 lectionis¹
515 5001 544 5059 id
557 5008 683 5070 resonat,
698 5000 814 5057 maxime
834 5000 879 5056 illo
890 4998 963 5071 quod
975 5000 1045 5055 scri·

247 5105 323 5169 pum
336 5104 493 5165 acroam
504 5093 794 5152 oaramucsanem
807 5091 1004 5150 cenomanos
1017 5074 1051 5151 ιι

1098 3531 1199 3593 nmen,
1215 3530 1343 3596 quantum
1355 3524 1390 3581 ad
1409 3523 1462 3581 boc
1479 3523 1625 3597 Scriptura
1636 3526 1821 3583 testimonium
1837 3529 1897 3584 atti·

1098 3623 1155 3685 net,
1172 3615 1217 3672 ubi
1232 3615 1303 3673 Deus
1315 3630 1376 3673 cum
1390 3614 1499 3673 bomine
1514 3617 1619 3673 locutus
1632 3624 1684 3684 est,
1698 3626 1829 3689 qnantum
1842 3619 1897 3676 exi·

1098 3707 1179 3765 stimo
1190 3708 1294 3765 occulta
1313 3717 1356 3765 cst
1375 3725 1382 3763 r
1406 3710 1466 3781 quia
1480 3710 1561 3766 etiam
1580 3718 1670 3767 uuum
1688 3710 1894 3769 salamancam

1098 3801 1235 3872 corporcis
1246 3800 1331 3858 oculis
1341 3800 1425 3857 Deum
1436 3800 1538 3870 ridere,
1551 3816 1605 3858 non
1618 3802 1758 3860 evidenter
1770 3812 1893 3875 apparet3

1097 3908 1159 3950 cum
1172 3892 1322 3965 praesertim
1342 3908 1440 3965 magna
1460 3894 1497 3949 sit
1514 3893 1636 3967 quaestio,
1652 3892 1804 3963 cuiusmodi
1822 3894 1895 3951 oculi

1097 3988 1138 4045 eis
1148 3988 1234 4059 aperti
1247 3986 1358 4055 luerint,
1372 3986 1479 4059 quando
1489 3987 1599 4043 vetitum
1612 3986 1702 4044 cibum
1720 3995 1896 4058 gustaverunt

1098 4078 1162 4154 (ld.
1174 4094 1215 4148 ιιι,
1235 4079 1272 4151 i)
1287 4095 1295 4134 ε
1310 4078 1338 4135 bi
1352 4078 1443 4148 enim,
1463 4086 1605 4151 numquam
1624 4085 1796 4150 gusussent,
1809 4078 1896 4135 clausi

1097 4180 1185 4231 erant.
1207 4170 1274 4227 llicd
1298 4172 1410 4229 tanton¹
1424 4186 1477 4229 non
1491 4180 1595 4229 tamma
1607 4171 1741 4240 dixerim,
1756 4171 1780 4227 si
1791 4173 1896 4242 paradi·

1098 4280 1158 4322 sum
1171 4265 1341 4336 corporalem
1355 4263 1498 4337 quemdam
1515 4262 1604 4320 locum
1621 4264 1665 4320 illa
1679 4260 1816 4333 Scriptura
1830 4262 1895 4319 insi·

1097 4369 1173 4429 nnat,
1188 4357 1362 4415 deambulare
1384 4356 1421 4412 lbi
1439 4355 1523 4413 Deum
1537 4356 1590 4413 nisi
1604 4356 1633 4413 in
1654 4356 1743 4427 aliqua
1764 4369 1895 4426 corporea

1097 4454 1182 4511 lorma
1196 4453 1270 4510 nullo
1282 4451 1363 4509 modo
1375 4450 1505 4523 potuisse.
1519 4447 1586 4506 Nam
1596 4456 1624 4505 ct
1635 4449 1706 4505 solas
1716 4462 1797 4504 rocos
1809 4446 1896 4505 lactas

1098 4561 1164 4620 quas
1178 4546 1282 4605 audiret
1293 4545 1385 4612 bomo,
1397 4558 1448 4600 nec
1457 4543 1575 4615 aliquam
1586 4542 1701 4600 lormam
1713 4540 1830 4611 rideret,
1841 4541 1896 4599 dici

1097 4651 1185 4715 potest
1201 4658 1207 4697 :
1223 4656 1274 4699 nec
1285 4640 1347 4713 quia
1365 4640 1496 4710 scriptum
1515 4644 1574 4705 cst,
1592 4634 1731 4691 discendit
1743 4652 1770 4691 se
1780 4634 1866 4690 Adara
1879 4649 1896 4688 a

1098 4734 1164 4807 [asie
1172 4731 1238 4798 liei:
1247 4731 1375 4789 continuo
1393 4730 1516 4802 sequitur
1524 4736 1555 4785 ιιι
1565 4725 1665 4783 soleret
1676 4724 1773 4781 iaciens
1786 4724 1847 4796 ejus
1860 4725 1895 4780 vi·

1097 4826 1172 4884 dere.
1188 4823 1257 4894 Quid
1271 4824 1295 4879 si
1314 4822 1386 4879 enim
1403 4838 1458 4878 non
1472 4822 1580 4894 quidem
1599 4818 1690 4875 videre
1704 4817 1764 4889 ipse
1776 4824 1894 4887 poterat,

1097 4917 1144 4975 sed
1156 4916 1240 4973 rideri
1256 4915 1314 4986 ipse
1326 4914 1461 4971 metuebat
1470 4914 1504 4971 ab
1515 4927 1549 4971 ea
1561 4914 1637 4982 cuius
1652 4923 1746 4969 rocem
1760 4906 1894 4975 audierat,

1097 5018 1125 5067 st
1143 5006 1338 5066 deambulantis
1355 5005 1525 5078 presentiam
1543 5004 1685 5061 senserat?
1698 4999 1767 5061 Nam
1787 5008 1816 5055 et
1830 4998 1896 5057 Cain

1096 5102 1163 5161 dixit
1175 5101 1241 5170 beo,
1256 5100 1357 5173 Afaris
1368 5109 1412 5155 tua
1425 5098 1580 5156 abscondam
1589 5115 1629 5154 nse
1639 5097 1694 5173 (ld.
1708 5114 1747 5167 rr,
1761 5098 1808 5171 li)
1824 5108 1896 5153 :nec

248 5187 624 5260 passessionem
640 5184 813 5244 meander
826 5198 857 5241 ss
869 5184 996 5241 inmotis
1009 5184 1044 5241 i-
1097 5195 1158 5252 rcea
1172 5193 1249 5250 narr
1268 5192 1399 5264 cogimur,
1414 5206 1477 5249 eum
1497 5191 1585 5248 erere
1606 5204 1718 5249 eernere
1733 5190 1831 5247 rueram
1848 5184 1896 5247 oet

249 5284 295 5354 gni
306 5280 378 5354 quod
390 5289 449 5339 erat
459 5282 487 5339 in
501 5280 751 5353 paradiso,l)eoque
764 5275 875 5343 dicenti,
891 5276 985 5347 Adam,
1000 5276 1045 5333 sbi
1097 5286 1234 5358 corporeis
1248 5282 1344 5352 oculis,
1358 5284 1385 5339 in
1399 5282 1518 5355 qualibet
1536 5280 1624 5339 iorma
1637 5281 1735 5339 risibili
1747 5321 1756 5349 ,
1769 5281 1895 5353 quamvis

248 5376 296 5433 ²⁸7
308 5374 488 5447 militiis&
498 5375 592 5432 Atilii
604 5390 689 5431 locem
700 5382 780 5439 illam,
795 5380 821 5427 tl
840 5369 962 5426 deonas
975 5385 1046 5427 mss
1073 5388 1076 5393 ·
1098 5376 1132 5435 de
1158 5376 1277 5433 iacinore
1299 5389 1348 5432 suo
1369 5388 1462 5431 rocem
1478 5373 1670 5447 interrogantis
1696 5387 1845 5445 secumque
1858 5372 1895 5428 lo

142 5471 145 5475 ’
250 5468 316 5543 {mis
330 5468 607 5543 ammaontamnadua
620 5484 676 5523 ssrn
690 5461 1047 5543 (Gen.m‚8-i0).Quomo·
1098 5469 1205 5541 quentis
1218 5466 1348 5525 audisset.
1359 5464 1514 5539 cujusmodi
1527 5474 1615 5523 autem
1628 5465 1734 5538 loquela
1746 5472 1814 5523 tunc
1823 5466 1895 5523 Deus

251 5560 288 5617 do
301 5558 374 5617 enlm
387 5560 471 5631 possit
483 5559 517 5616 td
530 5560 647 5616 litteram
661 5558 772 5631 intelligi
782 5557 844 5615 talis
855 5556 906 5615 Dei
917 5556 1046 5614 deambu-
1097 5561 1275 5622 exterioribus
1288 5559 1427 5617 bominum
1446 5557 1556 5616 auribus
1567 5558 1715 5625 insonaret,
1728 5556 1848 5613 maxime
1860 5554 1895 5613 ad

250 5654 317 5712 latio
328 5661 357 5710 et
368 5652 519 5719 collocutio,
534 5654 585 5708 nisi
599 5654 627 5709 in
639 5652 731 5725 specie
745 5652 871 5722 bumana,
887 5666 941 5709 non
953 5650 1043 5708 rideo.
1097 5655 1215 5729 primum
1229 5652 1366 5711 bominem
1387 5651 1512 5723 loqueos,
1526 5656 1554 5707 et
1573 5648 1694 5706 invenire
1707 5647 1817 5707 dllllcile
1829 5656 1892 5719 est,

192 5824 198 5833 ι
250 5743 687 5820 quucenimdicipotestsocem
696 5744 888 5803 solamiactam
897 5742 1045 5803 ubideattt·

216 5957 230 5995 e
288 5874 785 5948 ‘admurmuratione‘

1130 5792 1766 5926 :sacrasanctam

1298 5902 1316 5937 'i
