4034 6334
225 362 281 424 tm
450 320 452 327 ’
633 356 770 417 cunrat
788 348 950 414 rausruu
967 343 1194 424 semmam,
1213 350 1243 413 s.
1263 347 1452 417 auersum
1810 362 1868 425 un

113 489 118 497 .
226 495 260 538 ex
280 478 342 551 gp„
363 474 493 549 „mque
511 472 615 547 protem
632 470 782 543 requirens,
797 484 831 527 ex
842 482 897 541 quo
910 466 1016 525 dachus
1069 456 1134 526 'cum
1146 470 1194 529 sua
1207 488 1276 531 nuru
1289 474 1444 544 concubuit,
1456 476 1527 533 iuter
1542 472 1681 535 duodecim
1695 472 1868 539 Patriarcbas

222 572 281 645 ¹lam
302 568 427 629 tratribus
446 574 538 639 nupta,
553 564 632 622 tertio
651 576 759 635 queque
774 561 906 633 decessit)
918 557 1020 615 habero
1038 596 1041 602 ·
1071 575 1242 638 computatur
1253 570 1266 639 (
1278 564 1342 623 Gen.
1354 559 1439 635 ixxr,
1450 566 1565 641 md).
1583 568 1653 637 Quid
1671 570 1756 639 euim,
1767 578 1796 627 et
1817 570 1867 630 itta

226 678 282 721 nou
294 661 381 734 potuit
389 660 410 727 ¹,
420 658 490 730 patri
499 670 594 715 eornm
607 668 702 713 socero
712 666 762 711 suo
772 650 909 710 senatun
920 660 1021 721 corpus
1047 664 1052 669 ’
1071 655 1164 725 ludas,
1178 658 1224 731 qui
1242 659 1386 716 licutimm
1399 657 1518 729 tradidit,
1530 675 1620 717 nonne
1638 660 1709 717 inter
1721 660 1866 720 duodecim

226 754 322 817 irauds
340 752 464 825 subjecit,
475 750 587 826 pignore
599 746 733 807 mercedis
744 754 864 821 ampto.
878 742 950 817 quod
966 756 1021 799 non
1075 747 1220 820 Apostolos
1231 758 1387 808 numeratus
1402 759 1454 817 cst,
1471 760 1499 808 et
1514 767 1576 808 cum
1589 751 1630 809 ets
1642 766 1713 809 uuus
1729 767 1765 809 ex
1779 753 1819 811 eis
1831 754 1869 813 ac

227 850 262 907 ad
274 854 472 913 manutentum,
487 842 535 901 scd
551 842 585 899 ad
600 838 783 899 msdmonlttm
796 836 954 896 reservavit·
964 834 1022 891 llo·
1072 841 1272 914 praedicandum
1281 842 1454 917 Euangelium
1463 843 1693 903 diabolusmissus
1706 852 1749 902 est
1757 843 1882 919 (ἵππι’

227 941 281 998 lius
303 940 411 1012 quidem
436 936 495 993 siue
517 934 578 991 tiliis
599 941 763 1001 remaneret,
784 944 867 1004 quam
885 929 944 987 sine
960 928 1023 999 iure
1072 932 1172 1003 mab,
1183 943 1207 991 et
1220 935 1346 1007 ternu,
1360 936 1405 1005 ll,
1419 934 1486 1007 rats
1497 934 1552 992 Sed
1564 935 1652 993 adhuc
1664 936 1827 1008 respondent
1838 945 1870 995 et

228 1029 390 1090 matrimonii
404 1036 490 1086 mater
507 1026 583 1085 tieret
594 1042 603 1084 s
613 1026 693 1097 longe
707 1029 795 1081 tantm
807 1023 860 1079 alia
873 1020 1023 1093 intentione
1072 1025 1166 1083 dicunt
1178 1045 1186 1085 ι
1199 1026 1248 1085 llle
1256 1038 1318 1101 post
1329 1026 1383 1089 tale
1395 1029 1498 1088 lacinus
1509 1029 1606 1103 laqueo
1616 1036 1870 1102 mopereuptmet

228 1123 359 1197 peccauit,
378 1119 450 1194 quod
473 1118 535 1175 lillis
556 1116 613 1175 suls
633 1125 736 1190 patrem
760 1114 876 1189 providit
896 1126 1022 1171 socerum
1074 1118 1263 1189 Apostolorum
1277 1116 1389 1178 numero
1402 1129 1595 1193 exetnptusest
1607 1119 1811 1195 (Baubxxtu,
1825 1120 1868 1191 5);

228 1230 408 1288 enumquam
421 1214 444 1271 sl
456 1227 519 1271 eum
530 1212 580 1269 sibi
590 1210 760 1281 concupisset
768 1207 928 1265 adulterum.
941 1204 1024 1263 beol-
1075 1208 1128 1265 iste
1139 1218 1227 1266 antem
1240 1220 1300 1281 pest
1311 1211 1383 1269 hauc
1393 1210 1597 1282 turpitudinem,
1609 1210 1680 1267 inter
1692 1209 1789 1267 iratres
1803 1224 1870 1269 suos

229 1324 282 1379 que
294 1322 355 1365 cum
367 1307 442 1378 iussu
455 1304 514 1377 ejus
529 1302 723 1375 produceretur
739 1299 774 1358 ad
791 1308 917 1367 mortem,
929 1296 1025 1355 orris·
1074 1302 1110 1360 ab
1122 1302 1171 1361 tlte
1180 1312 1267 1374 patre,
1277 1304 1321 1360 cui
1330 1312 1385 1361 mm
1397 1317 1524 1377 magnum
1533 1302 1715 1359 testimouium
1725 1302 1796 1359 beus
1805 1317 1870 1374 per·

228 1416 301 1473 garn,
310 1398 421 1467 mouile,
433 1404 514 1468 atque
524 1394 653 1451 annulum
662 1391 828 1465 protulisset,
841 1390 933 1448 dicens
943 1390 978 1447 ab
988 1401 1024 1446 eo
1077 1392 1162 1461 hibet,
1175 1394 1310 1467 precipue
1327 1393 1483 1451 benedictm
1495 1400 1524 1451 et
1536 1407 1618 1465 super
1633 1406 1728 1450 omnes
1745 1392 1871 1451 tantatus

229 1506 260 1550 se
271 1490 449 1564 gravidatam,
463 1487 540 1559 cujus
553 1488 665 1560 pignora
678 1485 723 1542 itta
737 1491 844 1552 ement3
857 1482 903 1541 ubi
918 1498 952 1541 ea
963 1494 1026 1555 quse
1075 1496 1118 1545 eat
1131 1484 1208 1560 (Gen.
1219 1502 1296 1553 xus,
1309 1482 1393 1560 sta).
1405 1484 1531 1555 Quinimo
1543 1485 1607 1544 binc
1619 1485 1772 1558 expressius
1783 1498 1871 1557 appa-

231 1583 344 1641 detterat
360 1582 407 1639 itte
422 1578 647 1651 cognovissemus
664 1576 749 1649 magis
759 1590 840 1648 quam
852 1589 882 1632 se
892 1574 1026 1646 justitiet·
1075 1586 1128 1648 ret,
1139 1593 1194 1635 uon
1203 1578 1238 1635 ad
1250 1578 1348 1650 ipsum,
1358 1577 1408 1635 sed
1420 1578 1455 1634 ad
1464 1576 1611 1644 Christum,
1623 1575 1670 1648 qui
1682 1591 1716 1632 ex
1725 1576 1785 1647 ejus
1795 1573 1872 1632 tribu

232 1682 357 1731 ramesse
367 1671 515 1743 respondit,
527 1669 598 1741 quod
610 1668 815 1727 eidllnmsuum
826 1668 1027 1724 maritumcon·
1076 1669 1306 1743 pronuntiabatur
1328 1670 1356 1726 in
1378 1684 1460 1727 carne
1480 1676 1619 1737 uenturus,
1639 1667 1713 1725 ittam
1734 1666 1872 1739 pertinere

229 1764 343 1837 iungere
367 1763 514 1829 uoluisset;
534 1774 585 1833 qua
607 1760 781 1817 destitutione
804 1758 952 1831 compulsa,
977 1756 1027 1815 illo
1076 1762 1264 1835 prophetiam:
1277 1772 1305 1819 et
1316 1761 1379 1819 ideo
1392 1761 1478 1835 magis
1490 1760 1619 1833 bagid-
1631 1760 1691 1832 eius
1703 1760 1792 1818 diuina
1801 1758 1874 1817 Scri·

232 1858 313 1915 modo
335 1858 424 1928 potius
447 1868 527 1927 quam
547 1853 622 1911 nullo
644 1851 726 1909 modo
751 1852 948 1923 posteritatem,
970 1864 1026 1907 uon
1077 1864 1155 1925 ptura
1168 1863 1257 1911 tacere
1268 1869 1322 1911 uon
1334 1853 1436 1923 debuit,
1448 1853 1519 1911 sieut
1529 1868 1584 1909 uon
1596 1853 1689 1921 tacuit,
1701 1852 1873 1909 utinrerbta

232 1948 341 2005 aliunde
361 1961 440 2020 quam
459 1948 494 2003 ab
512 1946 606 2005 eadem
629 1946 714 2017 stirpe
734 1943 915 2017 conquireret.
930 1942 959 1999 ln
973 1958 1027 2015 qua
1078 1946 1161 2017 patris
1180 1945 1249 2018 ejus,
1267 1946 1363 2018 quibus
1383 1955 1444 2017 pest
1464 1943 1530 2002 illud
1548 1944 1665 2002 dedecus
1677 1944 1715 2001 ita
1734 1942 1872 2015 laudatur,

235 2041 377 2108 saumatis,
387 2054 440 2097 nou
454 2054 513 2097 eam
525 2038 708 2110 justitlcatam
722 2038 769 2096 sed
779 2052 839 2095 eam
849 2037 933 2109 magis
945 2051 1027 2109 quam
1077 2040 1140 2110 quia
1154 2038 1212 2108 ipsc
1225 2053 1280 2093 non
1292 2038 1456 2109 agnoscitur,
1469 2036 1538 2093 alius
1551 2036 1715 2109 requiratur.

234 2152 265 2192 se
277 2134 447 2205 iustificatam
462 2133 564 2200 dicens,
580 2148 631 2191 nec
643 2134 728 2205 ipsam
744 2132 871 2203 laudavit,
882 2132 929 2190 sed
944 2133 972 2189 in
986 2130 1029 2190 sui
1113 2126 1226 2187 catur
1239 2128 1332 2186 leV.
1344 2156 1380 2172 -
1393 2129 1551 2201 Quanquam
1566 2128 1681 2186 Faustus
1692 2128 1773 2186 deute
1787 2128 1874 2187 male-

234 2228 435 2297 cctnparstionc
445 2224 590 2297 praeposuit
600 2242 607 2293 ;
617 2224 779 2283 desiderium
787 2222 1029 2281 scilicethabendre
1078 2220 1141 2279 dico
1158 2222 1211 2278 boc
1229 2221 1315 2293 ipsum
1338 2222 1500 2294 intelligatur
1516 2222 1641 2280 mordere
1656 2220 1787 2289 uoluisse,
1799 2220 1875 2294 quod

235 2316 329 2387 prolis,
345 2332 398 2388 quo
413 2316 492 2373 ducta
512 2316 557 2371 ilta
578 2330 608 2372 se
627 2330 722 2373 socero
739 2324 924 2387 supposuerat,
939 2317 1029 2374 minus
1079 2313 1202 2372 Christus
1215 2331 1232 2371 a
1246 2313 1324 2372 nobis
1342 2330 1376 2372 ex
1395 2314 1454 2387 eius
1473 2314 1543 2371 tribu
1561 2314 1670 2371 uenisse
1689 2314 1874 2385 practicatur:

236 2408 365 2479 culpans,
385 2422 465 2479 quam
483 2406 619 2465 libidinosi
638 2407 796 2465 concubitus
815 2407 955 2476 ardorem,
975 2424 1030 2480 quo
1080 2409 1198 2467 maxime
1219 2408 1280 2480 quia
1305 2409 1332 2465 in
1355 2409 1571 2481 generationibus
1595 2419 1700 2480 patrum
1720 2406 1790 2478 ejus,
1803 2421 1876 2479 quas

237 2498 297 2569 ipse
308 2498 381 2555 velut
392 2498 426 2555 ad
439 2498 608 2556 meretricem
617 2498 704 2555 rietus
716 2496 962 2556 intraueratrsicut
972 2498 1032 2571 qui-
1080 2500 1392 2575 dtattbarusetangetista
1402 2499 1781 2569 commurmurantes,
1791 2514 1877 2570 quem

238 2588 351 2647 numan
374 2592 481 2660 cretton,
500 2590 665 2662 instrum
686 2590 826 2649 sermm
844 2590 1030 2667 (smnus,
1082 2579 1875 2669 rmnartttaexmonnoeptnpepenqrnanmqttim

240 2682 276 2737 tis
287 2682 308 2754 ),
322 2682 349 2738 id
363 2694 415 2750 est,
430 2691 531 2740 tantum
545 2685 686 2755 peccastis,
698 2692 729 2741 ut
738 2686 815 2743 uobis
827 2684 943 2743 Sodoma
956 2702 1032 2743 com·
1081 2704 1146 2756 xum
1159 2687 1225 2745 Gerr.
1235 2704 1347 2755 xxxuur,
1359 2686 1426 2759 51)).
1441 2686 1509 2743 llam
1518 2686 1543 2742 si
1566 2686 1677 2757 stirpem
1697 2684 1795 2750 laceb,
1819 2699 1879 2745 troo

238 2782 332 2844 parata
350 2774 421 2846 justa
435 2774 736 2849 videatur.Quanquam
748 2776 854 2834 etiamsi
866 2779 924 2835 baec
935 2778 1034 2837 mulier
1083 2780 1183 2838 Christi
1203 2780 1404 2853 generationem
1425 2780 1506 2837 vellet
1529 2776 1736 2851 reprehendere,
1758 2776 1880 2835 babebat

239 2880 295 2921 non
308 2865 337 2921 tu
350 2866 452 2937 peioris
464 2864 529 2924 lactl
540 2868 740 2940 comparatione
752 2869 842 2927 minus
853 2870 970 2942 culpata,
985 2870 1033 2929 sed
1083 2871 1168 2942 magis
1183 2869 1346 2942 primitivum
1360 2869 1466 2940 liuben,
1481 2868 1527 2942 qui
1541 2878 1683 2941 paternum
1703 2868 1811 2926 thorum
1823 2883 1879 2925 ne·

240 2954 352 3012 orsrdnc
372 2970 389 3013 a
411 2971 508 3015 socero
529 2958 635 3016 laudata
659 2959 845 3033 intelligatur:
860 2977 921 3033 quaa
944 2969 1033 3019 tamen
1083 2961 1150 3018 laria
1162 2960 1272 3019 libidine
1283 2961 1392 3019 violarit
1404 2960 1481 3038 (Gen.
1492 2976 1575 3031 mu,
1585 2959 1779 3035 magnatem
1792 2958 1880 3017 torni·

240 3046 363 3103 comulta
378 3046 424 3104 illa
436 3057 536 3106 eterna
551 3048 741 3123 tegelustitiae,
753 3066 814 3124 quaa
827 3052 975 3110 naturalem
989 3068 1035 3109 cr·
1083 3053 1217 3111 cationum
1236 3054 1380 3125 spostolus
1403 3068 1454 3111 uec
1475 3054 1503 3111 iu
1521 3052 1652 3115 Gentibus
1671 3052 1737 3110 dicit
1758 3052 1879 3114 audirem

242 3137 332 3194 baon
347 3140 497 3210 perturbari
508 3149 591 3212 uetat,
603 3155 658 3199 non
669 3142 762 3215 utique
776 3144 961 3201 tantummodo
972 3160 1035 3203 ccr-
1084 3144 1178 3219 (icor.
1191 3162 1218 3215 u,
1229 3142 1269 3219 1).
1292 3143 1369 3216 Qrtcd
1390 3144 1489 3202 tactum
1508 3144 1590 3201 etiam
1608 3145 1668 3216 ipse
1685 3153 1764 3215 pater
1780 3141 1879 3215 Iacob,

241 3242 348 3299 porum,
366 3230 414 3285 scd
431 3230 549 3287 moriare
567 3244 600 3289 ac
617 3232 741 3303 primitus
758 3234 919 3302 animorum,
932 3236 994 3309 quia
1006 3236 1036 3294 in
1084 3255 1146 3297 cum
1158 3254 1207 3296 eos
1219 3239 1402 3309 benediceret,
1420 3254 1503 3311 super
1518 3247 1600 3311 caput
1615 3236 1674 3309 eius
1686 3236 1837 3295 accusando
1848 3243 1883 3297 et

243 3320 417 3390 procreandis
431 3320 493 3377 ttttr
506 3322 656 3379 ordinatam
674 3324 830 3382 societatem
847 3339 901 3382 non
914 3327 1036 3386 custodi·
1086 3328 1244 3387 detestando
1255 3345 1309 3385 non
1321 3328 1405 3386 tacuit
1417 3327 1494 3402 (Gen.
1503 3344 1579 3397 xttx,
1591 3328 1619 3399 b,
1629 3326 1669 3401 t).
1679 3327 1737 3385 lloc
1748 3343 1813 3399 ergo
1824 3328 1881 3387 crt-

242 3410 292 3479 uit,
311 3411 407 3467 meritc
422 3410 562 3483 culpabilis
573 3414 708 3472 inuenitur
719 3432 727 3473 s
740 3415 804 3489 quid
817 3417 924 3488 mirum,
936 3418 960 3477 si
972 3433 1037 3491 pec-
1084 3436 1147 3479 men
1157 3422 1247 3494 potius
1256 3420 1371 3478 sanstus
1382 3420 1524 3494 objiceret,
1533 3419 1579 3477 ubi
1589 3434 1644 3477 nou
1651 3433 1729 3477 error
1737 3432 1771 3475 ea
1783 3418 1880 3477 babitu

243 3500 355 3557 Μὴ)
369 3510 510 3572 l³⁰⁰⁰¹tcrc
524 3504 666 3563 laudaturi
1085 3513 1251 3582 meretricio,
1266 3512 1314 3570 sed
1329 3512 1440 3570 omuino
1452 3511 1603 3569 voluntaria
1622 3510 1814 3568 conumimtio
1827 3523 1880 3581 pa·

279 3592 394 3651 etrus
407 3593 488 3651 bitti.
500 3624 537 3639 -
548 3596 625 3666 Quod
636 3598 673 3656 lta
685 3598 763 3657 uobis
775 3598 900 3676 Faustus,
914 3602 957 3660 rel
977 3603 1037 3677 ipsa
1085 3607 1156 3665 terni
1169 3606 1261 3664 lectuli
1273 3616 1400 3679 apparet3
1410 3605 1464 3665 nisi
1474 3615 1502 3664 ct
1514 3606 1599 3681 ipsam
1607 3604 1724 3675 Thamar
1732 3601 1794 3675 plus
1802 3600 1881 3660 cdiv

244 3683 388 3742 llanidraea
399 3688 561 3759 perversitas
573 3689 717 3749 arbitratur
727 3692 887 3761 adversum,
900 3694 976 3767 quasi
987 3710 1038 3752 no·
1086 3708 1140 3768 set,
1151 3699 1224 3773 quod
1237 3700 1284 3757 illo
1295 3700 1438 3757 concubitu
1451 3698 1519 3755 nihil
1530 3697 1605 3756 aliud
1616 3711 1698 3769 quam
1712 3710 1810 3769 perere
1827 3710 1880 3753 ctr-

245 3774 288 3833 bis
300 3776 327 3832 itt
340 3776 411 3835 illiue
420 3777 746 3852 commmemoratione
757 3774 891 3857 digitoque
903 3788 1038 3859 praeconio
1087 3802 1174 3865 peret,
1184 3808 1265 3865 quam
1277 3792 1301 3849 si
1313 3792 1370 3850 sola
1384 3789 1495 3849 libidine
1505 3790 1621 3849 curuatis
1633 3788 1776 3863 ntupum
1792 3788 1880 3847 arsis·

244 3866 309 3925 vitia
331 3868 479 3941 bcmtucm,
500 3887 561 3944 quse
579 3872 625 3931 ltla
647 3886 850 3947 commemorat,
870 3892 982 3938 necesse
1001 3880 1039 3939 sit
1088 3896 1146 3954 set;
1166 3897 1194 3943 et
1214 3884 1314 3943 Christi
1334 3886 1519 3958 progenitores
1544 3882 1679 3957 culpando
1699 3878 1883 3941 lactrmtioui

245 3960 394 4030 combure
406 3980 414 4019 t
425 3964 489 4034 quta
507 3965 597 4035 potius
615 3980 726 4025 necesse
745 3976 787 4025 est
806 3978 835 4026 ut
850 3981 950 4042 quanto
962 3973 1038 4031 illam
1088 3980 1147 4050 ejus
1160 3979 1239 4035 tidem
1252 3976 1375 4051 derogari
1386 3976 1668 4050 roluhsetzignnram
1678 3974 1762 4031 miser
1769 3974 1882 4031 verissi-

245 4050 396 4123 religiosius
408 4052 567 4123 arripimus,
583 4062 657 4112 tauto
674 4057 800 4115 tideotius
821 4058 867 4115 itta
887 4061 1037 4134 culpemus,
1088 4071 1410 4130 mnmetvennimimum
1419 4068 1662 4137 Satuatnretmnon
1670 4063 1884 4135 rmumtoqnea-

240 4153 308 4212 'quse
326 4156 376 4212 per
391 4142 450 4214 ejus
462 4144 602 4202 ueritatem
617 4148 716 4205 sertim
734 4149 865 4221 culpanda
884 4150 1037 4212 didicimus.
1088 4162 1194 4232 posted
1208 4164 1287 4219 etiam
1301 4159 1436 4217 nascendo
1449 4156 1760 4232 magmmmexsuusse
1770 4153 1883 4213 Fideles

248 4231 288 4288 lbi
304 4232 377 4289 enim
394 4232 536 4293 fornicatio
552 4244 581 4294 et
601 4238 689 4295 omnis
703 4239 811 4298 illicitus
825 4244 981 4302 concubitus
996 4244 1039 4302 di·
1089 4258 1163 4315 qnim
1176 4254 1235 4327 ejus
1246 4254 1351 4311 venturi
1367 4269 1402 4311 ea
1415 4252 1541 4311 omuibus
1551 4250 1675 4324 gentibus
1688 4248 1769 4307 etiam
1787 4261 1884 4308 exem.-

245 4324 382 4397 viuoiure
392 4325 535 4385 damnatur
547 4326 651 4403 (daed.
662 4345 709 4401 ιι,
723 4332 769 4402 11,
782 4333 834 4407 17)
848 4350 900 4393 :ac
914 4350 963 4409 per
974 4336 1038 4409 hoc,
1089 4348 1135 4421 pic
1144 4347 1232 4403 carnis
1241 4338 1325 4417 ipsius
1333 4345 1438 4403 discere
1447 4342 1607 4412 debuerunt,
1617 4350 1758 4414 pareutum
1768 4352 1885 4395 suornm

246 4428 309 4471 cum
327 4415 390 4473 talia
406 4418 879 4496 quorumdamtactacommemorat‚
895 4428 1039 4500 dequibus
1088 4440 1243 4512 iniquitaten
1263 4438 1316 4497 ribi
1335 4438 1432 4497 obeam
1450 4452 1505 4494 non
1522 4450 1612 4509 posse.
1629 4432 1747 4491 Proinde
1764 4442 1886 4505 sponsas

248 4505 440 4564 eclocosuam
452 4516 540 4567 taccat
552 4513 723 4581 mutantium,
733 4514 877 4585 iudicanda
890 4519 1040 4593 uobisper·
1089 4530 1137 4588 illc
1158 4528 1215 4588 suin
1235 4544 1385 4603 congruens
1406 4526 1535 4593 inuitatis,
1547 4526 1595 4598 qui
1604 4534 1748 4583 uocantrue
1766 4529 1826 4579 erat
1845 4518 1886 4577 sd

240 4598 342 4666 mittit,
359 4614 414 4657 nou
429 4599 558 4660 budauda
575 4606 736 4675 prescribit.
750 4608 816 4675 Quis
829 4610 900 4666 enim
916 4620 1039 4671 nostrum
1089 4622 1197 4692 nuptias
1208 4620 1294 4678 bunos
1306 4630 1334 4677 et
1346 4620 1432 4677 malos
1443 4618 1551 4693 (ltuttb.
1561 4632 1629 4686 nrt,
1641 4615 1699 4688 to),
1709 4615 1791 4672 etiam
1805 4611 1887 4669 nasci

248 4689 279 4745 in
295 4690 355 4761 ipso
368 4691 512 4764 Evangelio
531 4708 585 4751 uon
602 4694 749 4754 detesmtur
765 4698 879 4757 Herodis
896 4703 1040 4761 crudelita-
1089 4716 1174 4773 voturi
1187 4706 1222 4773 (10
1239 4716 1317 4772 bonis
1331 4723 1359 4771 et
1375 4712 1452 4770 nmis
1464 4729 1472 4769 ι
1484 4720 1516 4769 ut
1527 4709 1695 4783 prophetiam
1706 4705 1816 4765 ruscha
1828 4718 1886 4776 qua

250 4792 316 4849 test,
331 4798 394 4840 cum
411 4783 446 4842 de
459 4783 560 4841 Christi
574 4787 713 4844 aadtitme
727 4790 857 4847 sollicitus
871 4799 912 4848 tot
924 4793 1039 4853 tutantes
1090 4818 1240 4882 »τωρωι
1251 4816 1293 4863 um
1304 4804 1459 4862 maducat-i
1472 4818 1557 4876 agnus
1567 4809 1695 4873 acceptus
1705 4813 1740 4856 er
1749 4798 1845 4855 ouibus
1856 4805 1889 4851 es

236 4874 328 4943 'iussit
345 4874 432 4932 occidi
449 4873 568 4947 (butt.
581 4892 611 4947 tt,
623 4876 658 4937 16
670 4877 698 4950 )1
710 4877 745 4934 11
759 4878 921 4940 ltoclactum
936 4884 972 4941 ibi
985 4899 1039 4943 non
1091 4900 1178 4970 capris
1192 4894 1289 4973 (bned.
1302 4896 1430 4967 rub-b),
1445 4890 1702 4965 tanquamimtiset
1717 4887 1835 4960 inittstis,
1849 4884 1890 4942 sd
2014 4884 2016 4887 ⁴

209 5028 213 5036 ,
249 4964 424 5035 vituperatur,
443 4966 491 5024 sed
509 4975 612 5024 tantum
625 4978 760 5027 sanatur.
772 4970 826 5029 Sed
843 4988 878 5031 ne
891 4972 943 5032 boc
958 4974 1041 5031 llant-
1091 5006 1123 5048 ,0
1140 4987 1366 5061 pfaeggfflnqqm
1383 4987 1554 5058 nmmum
1571 4983 1700 5039 firmaret.
1717 4979 1889 5035 bocumtmta

249 5056 318 5113 Μ
339 5072 437 5115 *⁰¹¹⁰*
464 5060 628 5132 blitildem¹²
653 5060 751 5118 ΝΜ
774 5078 833 5121 0³⁵0
858 5068 1039 5137 0011111111),
1091 5082 1190 5154 quippe
1202 5079 1420 5137 Deictbominis
1433 5077 1530 5151 ubique
1543 5059 1706 5132 conservans
1720 5076 1844 5141 parentes
1855 5076 1891 5126 ct

249 5148 313 5217 quia
329 5156 359 5205 ct
377 5148 462 5219 ipsam
475 5148 577 5206 Christi
593 5152 769 5219 munitatem,
784 5168 834 5225 qua
848 5156 966 5215 tierodes
980 5173 1042 5229 per-
1091 5175 1178 5232 bono,
1197 5182 1225 5231 gg
1242 5172 1328 5231 mlo,
1349 5180 1460 5245 pmpaen
1478 5167 1691 5227 convenientiam
1712 5162 1890 5221 humanitatis

251 5238 372 5295 turbatus
384 5246 440 5307 est,
455 5251 569 5312 aegeum
584 5242 702 5313 ipsorum
718 5244 870 5304 luducrutu
891 5250 1043 5308 immanita·
1093 5282 1147 5322 pon
1160 5264 1270 5337 sprevit,
1286 5270 1392 5336 partum
1406 5271 1495 5321 autem
1514 5259 1624 5333 virginis
1641 5262 1752 5331 propter
1765 5253 1890 5311 miracu·

251 5332 501 5389 mmetcaecttatem
513 5336 612 5405 mant,
623 5336 846 5406 queamdmodum
859 5340 912 5397 illle
927 5350 1043 5399 tantum·
1091 5358 1147 5415 qum
1160 5358 1305 5433 picturum
1319 5356 1409 5429 negiu

252 5420 541 5491 orodonarreturmcn
552 5426 727 5501 vituperetur,
740 5431 1042 5491 ettamenabcmnibus
1128 5448 1241 5507 cgpuq
1259 5446 1340 5505 ng,
1359 5476 1397 5490 .-
1413 5447 1529 5503 tinnitus
1552 5459 1616 5517 ergo
1641 5442 1774 5509 Faustus,
1798 5440 1826 5495 in
1854 5452 1892 5496 se

250 5516 407 5571 “wiliulf-
1093 5541 1180 5613 ipsum
1202 5541 1289 5613 potius
1300 5538 1381 5596 deute
1393 5538 1523 5609 sacrilego
1535 5536 1660 5603 saeviens,
1673 5543 1793 5591 sanctam
1811 5529 1893 5587 Scri·

287 5603 401 5663 GM’UT
414 5604 505 5665 mn·
518 5638 555 5652 ““
565 5609 634 5682 5⁰42
655 5612 792 5685 milium·
811 5614 861 5673 5⁵¹0
881 5614 973 5686 ¹⁰de
996 5620 1043 5691 qui
1093 5643 1210 5705 pturam,
1226 5647 1305 5703 quam
1326 5640 1398 5687 totus
1408 5630 1464 5703 jam
1485 5627 1601 5685 mundus
1622 5624 1718 5682 uterito
1730 5632 1892 5690 seuerutur,

286 5743 296 5776 t
311 5744 349 5793 sic
361 5750 410 5793 tm.
420 5750 458 5817 '‘s'-
471 5754 498 5801 et
507 5754 562 5803 tiss.
574 5756 602 5809 tt
612 5756 678 5821 bot,
690 5754 761 5809 tertio
770 5756 854 5825 pmtdq
864 5759 980 5827 agnem
997 5760 1043 5814 pm,
1093 5735 1201 5781 accusat
1213 5742 1221 5779 ι
1234 5738 1305 5793 quac,
1320 5731 1441 5826 utsupra
1456 5718 1522 5784 diri,
1538 5726 1662 5788 tauquam
1680 5712 1779 5785 speculi
1798 5710 1894 5767 idetis

253 5804 456 5872 tereaoupotmt.
1096 5818 1177 5889 nitor,
1201 5814 1299 5875 nullius
1316 5810 1413 5887 occtpit
1433 5808 1591 5871 adulandum
1612 5822 1763 5883 porsonam,
1785 5803 1836 5864 setl
1856 5811 1895 5866 et

1917 5922 1944 5964 ἱ
