4034 6334
258 313 310 370 tt'l

213 409 216 416 ⁴
256 429 354 484 siniam
374 427 458 486 ,idem
485 427 512 482 iu
535 425 656 498 spiritum
674 425 849 479 uintecantcm
871 421 906 488 il
927 423 985 477 Cor.
998 435 1045 487 rr,

252 521 302 590 ti,
317 519 374 590 ts),
388 531 467 590 quem
481 517 545 573 dicit
563 515 661 571 iactura
681 513 834 570 esseutiae
848 512 931 568 liauid
950 527 1048 568 eccun-

255 611 318 668 dum
338 625 456 676 carucrn,
473 607 570 664 iactum
590 621 622 662 cs
644 605 763 671 muliere,
784 603 881 660 raetiam
898 605 948 660 snlr
964 605 1045 676 Lege,

255 710 285 757 nt
298 715 345 758 eos
357 701 402 772 qui
412 700 462 755 suli
474 697 544 770 Lege
557 705 642 760 eraut,
651 695 794 752 redimeret
805 693 900 768 (Galat.
914 712 949 760 tv.
963 699 989 759 l.
1001 697 1045 765 ὄις
1064 713 1070 722 ·

254 794 289 850 dc
301 807 355 864 qino
371 793 403 846 arl
418 791 585 845 'llrnntlaenm
599 787 673 854 dicit,
691 787 789 842 dicmur
799 797 850 841 esto
861 787 987 844 Ciristunr
999 787 1048 841 ie·

253 898 310 938 sum
329 883 496 938 resurrexisse
508 897 524 935 a
536 879 641 934 neutris
654 895 687 934 ce
697 880 792 934 senune
803 877 896 946 Dauid,
910 879 1047 934 eemrrdeur

254 973 422 1047 Eumqeliuur
441 989 524 1028 oseem
548 970 581 1042 <lt
599 969 662 1026 lina
686 987 714 1039 ιι,
729 971 775 1042 8);
795 971 822 1026 in
836 971 912 1041 carpas
924 971 1050 1057 crpmplo

253 1067 334 1123 ctiam
352 1064 572 1122 resurrectionem
591 1071 708 1120 uestram
720 1063 846 1133 qrraedicat
864 1064 966 1126 dicens,
984 1062 1048 1118 Tru·

253 1156 308 1212 dicii
321 1156 386 1210 caint
400 1155 467 1210 coiis
479 1155 506 1208 in
519 1155 607 1225 printis
621 1152 689 1223 qatod
702 1162 725 1207 et
735 1153 822 1225 accepi
839 1167 849 1208 r
864 1153 1047 1224 qrtied'lrristes

252 1253 365 1301 ruorturts
376 1255 413 1301 est
425 1261 471 1316 pro
482 1245 589 1315 pcccatis
603 1241 713 1310 austun
726 1244 862 1298 secuudum
876 1243 1044 1314 Scripturesp

252 1337 339 1410 etquis
349 1337 462 1409 sepuitm
478 1335 757 1407 estctqstiurcsurreeit
767 1335 839 1389 tertia
848 1335 890 1388 die
909 1335 1046 1390 secundem

251 1429 410 1500 Scripturas.
429 1429 462 1485 Et
477 1430 625 1500 paulopost
637 1427 718 1482 inlert
727 1439 810 1498 quare
822 1426 873 1482 lroc
883 1427 999 1482 decrit:
1014 1425 1048 1484 Si

249 1528 335 1575 autem
354 1519 467 1575 Citristus
485 1519 637 1590 predicetur
656 1517 716 1587 quin
734 1520 905 1572 resurreclto
928 1519 1045 1586 nrorruis,

249 1611 377 1684 montorio
389 1613 482 1696 diruas
494 1612 596 1682 quidum
611 1611 638 1666 iu
654 1610 724 1666 coiis
736 1611 795 1681 quie
810 1613 957 1666 resurrectio
974 1627 1044 1670 nior·

250 1715 351 1762 tuorum
365 1722 416 1761 non
430 1713 466 1760 cst
477 1701 498 1778 (Ι
512 1703 571 1760 Cor.
588 1719 634 1769 rr,
647 1705 672 1772 5,
687 1703 715 1771 i,
731 1702 797 1774 teli
811 1701 862 1759 iste
874 1705 984 1770 autent‘,
997 1703 1044 1775 qui

203 1841 225 1865 ,,
251 1798 430 1870 interrogatus
451 1803 539 1851 utrium
554 1795 666 1878 accipiat
679 1795 829 1866 apostolum
846 1794 967 1863 Paullum,
987 1809 1046 1852 res-

249 1889 359 1962 pondet,
375 1890 410 1946 tir
425 1891 543 1957 numme,
558 1887 717 1944 haecomnia
732 1895 811 1958 neqst
824 1905 832 1944 r
847 1903 897 1944 nec
908 1888 999 1946 iesum
1010 1902 1044 1944 er

250 1983 353 2039 semine
366 1981 448 2037 uarie
469 1981 525 2036 nult
536 1980 668 2050 sculpere,
689 1993 740 2034 nec
752 1977 849 2034 lactrrm
870 1993 903 2034 ex
919 1979 1043 2046 muliere,

249 2093 339 2151 quam,
355 2090 408 2132 nun
420 2075 490 2148 quod
504 2074 583 2130 luerit
594 2073 637 2130 rel
649 2071 851 2130 coucumbenrln
863 2071 903 2128 rel
914 2071 1043 2143 pariendo

249 2179 384 2240 conlapsa,
397 2166 534 2224 mulierem
554 2165 652 2222 Paulis
664 2165 795 2237 appellen
816 2163 862 2220 scd
877 2177 952 2220 more
969 2163 1045 2220 Scri-

249 2257 387 2333 pturarum
409 2259 535 2332 loquitur,
550 2273 610 2330 qus)
631 2258 718 2328 ipsum
740 2271 832 2312 sexum
852 2257 892 2311 sic
907 2255 1045 2327 appellere

248 2333 448 2410 consueuerant
467 2367 474 2404 s
495 2349 565 2406 sient
577 2349 603 2404 iu
621 2347 720 2404 Genesi
732 2347 766 2403 de
780 2347 833 2402 Era
850 2347 977 2418 seriptum
990 2354 1041 2411 cst,

249 2441 276 2497 F
275 2441 381 2496 armauit
393 2455 449 2495 cant
473 2441 500 2494 in
519 2437 650 2494 mulierem
664 2435 740 2509 (Gerr.
757 2451 789 2502 ιι,
805 2435 869 2506 W
890 2448 951 2491 eum
966 2448 1042 2491 cutu-

249 2534 332 2590 mixta
345 2533 404 2590 riru
417 2547 469 2589 nun
486 2533 590 2588 inisset.
604 2531 658 2587 lice
669 2531 753 2601 ipsam
769 2537 882 2585 mortem
893 2528 1002 2593 eluisti,
1015 2534 1044 2585 st

249 2625 424 2695 sepulturum,
435 2631 464 2681 et
475 2623 696 2680 resurrectionem
705 2621 815 2692 accipit;
828 2619 1044 2692 quandoquidem

247 2714 383 2772 Cirristum
398 2713 473 2780 dicit,
488 2729 539 2772 nec
550 2715 663 2770 mortale
677 2722 774 2783 corpus
790 2712 924 2778 habuisse,
937 2711 982 2766 nul
998 2711 1044 2766 alle

247 2823 311 2866 acra
338 2820 411 2863 murs
431 2812 518 2869 esset:
539 2819 589 2860 nec
610 2804 671 2861 illas
692 2803 830 2859 cicatrices
850 2816 928 2857 veras
948 2801 1041 2870 luisse,

248 2911 315 2968 quas
327 2902 388 2968 pust
397 2895 620 2951 resurrectionem
633 2893 770 2962 discipulis
780 2892 905 2956 ostendit,
919 2893 1042 2959 cumeis,

248 2987 319 3058 quod
342 2995 370 3043 ei
390 2985 488 3042 ΡιιιΙιιε
512 2991 713 3048 commemorat,
735 2983 811 3038 virus
829 2983 950 3064 apparuit
965 2981 1041 3055 (Lite.

249 3095 326 3146 xxti,
343 3079 389 3147 39,
411 3077 456 3146 tu,
472 3086 496 3134 ct
519 3076 604 3133 iiior.
627 3091 676 3143 xv,
690 3077 740 3148 il:
760 3090 810 3131 nec
832 3076 915 3146 ipsam
934 3089 1043 3130 carnem

248 3179 368 3227 nostram
389 3177 609 3236 resurrecturam,
633 3169 658 3223 in
682 3183 779 3238 corpus
799 3166 936 3236 spirituale
954 3175 1043 3222 muts-

248 3271 304 3317 tam
318 3262 339 3329 ¹,
362 3261 430 3317 deut
449 3260 617 3330 apertissime
631 3259 701 3315 idem
720 3259 857 3330 apostulus
869 3258 943 3320 dicit,
959 3258 1044 3314 Serui-

248 3364 327 3408 autur
344 3369 436 3423 corpus
450 3352 578 3420 emmau,
600 3351 681 3424 serpit
701 3367 792 3422 corpus
810 3349 951 3420 spirituale.
966 3349 1044 3406 Unde

248 3445 404 3502 discernens
423 3443 493 3499 inter
511 3457 609 3514 cerpus
627 3441 743 3497 animale
761 3448 788 3496 et
806 3439 955 3510 spirituale,
976 3453 1042 3496 eun·

249 3535 335 3593 texuit
351 3534 422 3607 quand
432 3535 486 3606 jam
500 3531 705 3591 commemoravi
722 3531 756 3588 dc
768 3532 854 3600 primu
872 3530 956 3586 ledam
969 3539 996 3586 et
1009 3530 1045 3588 de

249 3626 396 3686 novissimo
419 3626 513 3684 suan.
537 3624 638 3682 Deinde
660 3623 748 3680 intulit
770 3639 777 3680 :
803 3621 1042 3691 Escanienses,

250 3721 353 3794 putres,
377 3718 497 3790 quonium
514 3731 574 3772 curo
587 3723 610 3770 ct
623 3716 727 3787 conquir
739 3729 844 3782 repastus
856 3711 904 3768 Dei
917 3712 1046 3784 pontiden

249 3817 430 3883 nonpossint.
448 3809 481 3864 Et
500 3809 688 3878 nequisquam
710 3801 925 3875 ipsam'speciem
943 3803 1042 3869 curnis,

250 3911 281 3959 et
291 3904 375 3974 ipsam
384 3899 558 3956 substanttam
569 3914 622 3954 uon
633 3911 711 3968 posse
723 3909 863 3966 resurgere
874 3893 1043 3959 credidisset,

250 3995 402 4066 exprimere
423 3993 519 4048 rolens
534 3990 598 4062 quid
618 4003 688 4045 nunc
702 3986 875 4058 appelluverit
895 3999 1002 4041 carnem
1016 3992 1046 4040 ct

250 4085 418 4159 sanguinem,
429 4084 490 4156 quia
505 4084 589 4153 ipsam
603 4079 800 4150 conarptiunem
817 4077 927 4147 intelligi
948 4076 1042 4143 volarit,

250 4193 312 4248 quae
332 4184 394 4232 tuac
408 4176 434 4234 iu
454 4171 649 4230 resurrectione
659 4171 792 4239 justorum
808 4183 860 4222 nun
874 4168 940 4226 orit.
957 4167 1045 4222 conti·

249 4283 306 4326 uuo
318 4265 453 4325 consteruit
473 4283 479 4319 :
505 4263 595 4334 Neque
613 4261 740 4332 corruptio
757 4258 951 4330 incorruptelam
964 4260 1045 4328 posei-

252 4360 330 4416 cuir.
346 4361 377 4416 El
393 4374 426 4416 ne
444 4357 531 4414 adnue
548 4357 687 4426 quisquam
702 4359 817 4424 putaret,
830 4367 883 4406 non
897 4349 961 4405 illud
973 4349 1045 4421 quud

251 4452 386 4524 sepultum
400 4449 479 4510 luerit
490 4455 721 4510 resurrecturam,
742 4445 789 4501 sed
802 4451 926 4514 tanquam
939 4443 989 4498 aliu
1004 4451 1045 4498 ln·

252 4545 314 4601 nica
326 4551 449 4613 ponatur,
471 4549 499 4597 et
513 4541 563 4595 alia
575 4537 671 4594 melior
687 4534 843 4605 accipiatur,
861 4535 955 4590 nolens
967 4549 1045 4604 aper·

250 4635 356 4692 tissime
364 4633 500 4690 declarare
512 4631 572 4703 qnia
587 4629 638 4685 ltue
652 4631 737 4698 ipsum
749 4627 777 4682 in
792 4627 887 4683 melius
899 4633 1046 4682 commuta·

251 4727 327 4784 ititur
351 4743 358 4780 :
381 4725 451 4781 sicut
469 4723 626 4779 uestimenta
640 4719 739 4776 Christi
768 4720 794 4772 in
815 4725 905 4773 monte
918 4731 971 4771 nou
984 4723 1047 4770 sunt

252 4819 393 4892 positast
411 4817 461 4872 alia
484 4824 589 4885 sumpta
599 4857 607 4881 ‚
618 4812 665 4868 sed
677 4812 733 4882 ipss
744 4825 804 4882 qiam
818 4810 932 4870 luerunt,
947 4809 973 4863 iu
988 4822 1045 4863 me·

266 4907 305 4968 'ers
316 4909 458 4966 clariileuta
471 4914 532 4961 sunt
544 4903 649 4978 (licui.
664 4917 731 4964 xrrr,
744 4899 773 4968 ι)
785 4915 793 4956 :
805 4898 927 4970 sequitur
938 4906 967 4952 et
980 4909 1046 4951 cen·

237 4987 434 5066 iurisiunis,
452 4998 517 5053 Ecce
537 4995 682 5068 nqunicn
695 4992 762 5048 reiis
783 4990 863 5045 dicu:
883 5004 969 5042 omues
991 4987 1047 5058 qui·

261 5091 311 5152 ιιιι
320 5106 487 5163 resurpcmus.
500 5105 551 5142 uon
563 5097 646 5140 tamen
657 5099 743 5140 omues
753 5080 950 5136 lrnnnrntinnr.
966 5080 998 5134 Et
1012 5094 1046 5134 ue

253 5181 341 5239 adituc
352 5191 424 5239 esset
436 5182 578 5244 incertum,
594 5177 638 5248 qui
650 5176 704 5230 siut
714 5175 758 5246 qui
773 5171 991 5238 ituruutabuntur,
1012 5168 1046 5223 lu

254 5283 350 5340 ιιιοιιιο,
362 5272 458 5343 inquii,
471 5271 498 5325 in
512 5271 564 5325 ictu
581 5265 659 5332 ocrcii,
678 5265 707 5321 in
722 5265 856 5320 muicsimu
873 5263 933 5318 lube
947 5277 957 5316 .·
972 5269 1046 5314 cnuet

254 5365 323 5420 caure
335 5365 404 5429 truie.
415 5373 438 5419 et
452 5363 544 5419 murtei
553 5369 683 5433 resurpeat
693 5358 851 5430 incorrupti,
862 5364 885 5411 el
897 5371 943 5410 uos
951 5354 1047 5408 imoru-

255 5456 375 5512 tnilntur.
406 5454 501 5511 Adituc
525 5454 593 5510 iorte
620 5453 726 5519 dieunt,
753 5463 804 5506 nun
826 5445 972 5504 secundum
995 5442 1048 5498 ltuc

229 5537 232 5544 ’
254 5546 369 5602 nmrtsle
391 5551 418 5600 cl
428 5544 600 5614 corruptibile
619 5555 716 5614 corpus
735 5555 784 5594 nos
803 5538 829 5593 in
850 5534 1048 5592 resurrectione

257 5641 402 5704 immutari,
427 5636 474 5692 sed
495 5635 640 5692 secundum
659 5636 773 5690 animam
793 5649 801 5688 s
822 5643 882 5686 eum
904 5623 1048 5700 Apostolus

289 5773 301 5815 ¹
316 5771 368 5828 Sele
379 5769 432 5824 iere
444 5769 517 5824 ediu'e
526 5770 716 5831 lovaniensium,
727 5765 875 5819 mutmtdtert.

663 312 800 371 courel
819 307 978 372 Faustuli
996 306 1221 380 ttsutctletlll,
1240 311 1468 370 sartensem

1834 305 1895 375 ete

1100 421 1152 477 unc
1165 437 1218 478 nou
1231 425 1399 494 proposuerit
1409 422 1609 488 nudediccrct,
1624 423 1672 480 sed
1682 423 1718 480 de
1726 437 1839 496 camere
1851 423 1895 489 su

1100 511 1182 588 ipsius
1195 517 1350 587 quaestionis
1363 517 1440 571 initio
1451 517 1553 572 locutus
1567 517 1643 572 larem
1656 557 1664 581 .
1679 518 1815 587 sicutipse
1828 517 1895 588 ejus

1100 607 1198 663 indicat
1210 609 1373 680 propositio,
1387 605 1441 664 Seri
1451 608 1517 662 dicct
1526 609 1628 675 uliquis,
1644 609 1738 678 inquit,
1754 608 1896 675 mencio
1940 667 1944 672 ,

1099 708 1234 771 cesurqunt
1244 699 1357 754 monui?
1369 691 1419 770 qrr‘o
1432 709 1515 753 eutem
1528 714 1634 771 corpore
1642 699 1762 754 misus?
1776 699 1825 754 llic
1833 699 1895 768 jane

1098 800 1292 860 consequenter
1308 799 1437 859 tanqum
1453 789 1538 861 eligito
1548 790 1665 846 ostendit
1678 789 1751 844 rmde
1765 791 1894 860 loquere·

1099 888 1160 944 tur,
1174 888 1203 935 ct
1214 880 1326 950 subjecit
1336 879 1445 947 diceris,
1461 879 1565 950 Oportet
1577 881 1644 934 enlm
1659 881 1823 950 corruptibile
1839 881 1897 934 irec-

1097 971 1202 1027 iuduere
1207 973 1414 1043 urcompteium,
1421 971 1556 1027 etmunuie
1568 972 1614 1026 icoc
1623 972 1729 1027 induere
1738 971 1893 1026 immortuli-

1099 1063 1204 1132 tatemll
1213 1062 1273 1117 Gor.
1284 1078 1329 1128 rr,
1339 1061 1512 1136 widelmus
1521 1077 1652 1134 crescium
1662 1063 1806 1134 istumque,
1814 1077 1891 1118 cirur-

1098 1166 1150 1223 qne
1164 1154 1253 1225 ipsum
1265 1155 1359 1219 ὓειιιιι,
1373 1154 1408 1210 de
1420 1169 1475 1225 qun
1488 1155 1583 1209 Parrlau
1593 1154 1667 1220 dicit,
1681 1152 1836 1220 irumortuii,
1849 1154 1892 1206 irr-

1097 1244 1263 1315 cerruplidiii,
1276 1247 1326 1301 soii
1337 1245 1389 1300 Deo
1401 1246 1482 1300 deror
1490 1253 1514 1300 et
1526 1246 1608 1316 qiuriu
1620 1245 1642 1315 (i
1652 1245 1718 1299 Tine
1734 1259 1753 1311 t,
1770 1246 1825 1317 tt),
1836 1246 1895 1301 isto

1098 1335 1296 1405 corruptibilem
1316 1337 1460 1406 praedicem
1483 1336 1701 1406 qnandoquidem
1710 1335 1889 1390 substantiam

1097 1427 1243 1500 ejusstque
1251 1439 1371 1484 nstrtram
1383 1437 1411 1485 et
1420 1437 1502 1484 tuum
1512 1430 1632 1486 timuisse
1644 1443 1681 1485 ue
1692 1444 1707 1483 u
1719 1429 1895 1484 tenebrarum
1916 1463 1921 1468 Δ

1096 1527 1178 1589 qcrrte
1191 1529 1418 1591 corrumperetur,
1435 1530 1463 1576 et
1483 1527 1513 1577 ιιι
1526 1529 1631 1578 ceterae
1645 1521 1838 1585 consuleretur,
1852 1535 1891 1577 ex

1097 1617 1174 1680 parte
1195 1620 1360 1683 corruptum,
1374 1612 1531 1668 detestsnda
1553 1622 1582 1668 et
1601 1613 1890 1670 abominandueeruru

1099 1701 1185 1756 lauda
1204 1703 1331 1770 somnium
1348 1703 1412 1774 quid
1426 1702 1551 1774 estquod
1563 1703 1645 1758 elisus
1663 1704 1690 1759 in
1709 1703 1762 1760 itoe
1775 1713 1900 1759 cuuslur-

1097 1790 1189 1846 lallere
1201 1792 1349 1862 imperitos,
1357 1803 1385 1848 et
1397 1793 1425 1849 in
1436 1793 1533 1849 divinis
1543 1793 1688 1866 seripturis
1701 1795 1900 1851 ntinuscrudi-'

1098 1889 1160 1945 tus,
1188 1891 1219 1938 ut
1239 1884 1516 1954 internoquumutrum
1530 1885 1802 1954 accipiatepestelum
1820 1885 1892 1948 Peu-

1097 1971 1163 2038 lura,
1175 1974 1343 2043 respondeat,
1355 1973 1482 2042 decium
1496 1983 1526 2030 ct
1536 1975 1694 2042 inveniatur,
1705 1977 1835 2032 minime?

1131 2064 1245 2121 catur
1270 2065 1313 2120 ill.
1333 2095 1370 2108 -
1387 2065 1441 2123 Sed
1457 2076 1540 2133 certa,
1564 2065 1658 2136 inquit,
1681 2067 1813 2135 nemesi,
1834 2083 1897 2140 qus

1096 2157 1235 2212 ostendant
1246 2158 1358 2214 Paulum
1372 2159 1520 2230 apostolum
1536 2168 1582 2214 aut
1593 2158 1756 2230 proiciendo
1766 2172 1890 2218 mutasse

1095 2250 1266 2316 seutentiam,
1278 2257 1308 2306 et
1324 2250 1489 2306 scribentem
1505 2249 1538 2305 sd
1554 2249 1717 2318 θοήιιιιιὶοι,
1729 2251 1896 2308 mendasse

1095 2338 1167 2408 qaod
1186 2339 1330 2410 scripserat
1340 2341 1376 2395 ed
1390 2341 1542 2407 Romanos;
1561 2349 1609 2396 aot
1627 2342 1738 2397 omniuo
1750 2357 1804 2397 non
1817 2343 1890 2398 scri-

1095 2431 1276 2502 persequor
1298 2441 1424 2503 tanrmm
1440 2433 1499 2502 ejus
1513 2431 1657 2503 profertur,
1674 2433 1771 2489 liiliner
1789 2435 1836 2489 liei
1853 2450 1889 2490 ex
2009 2466 2010 2469 =

1096 2523 1200 2580 seruine
1212 2523 1294 2579 liarid
1305 2524 1453 2581 serendum
1466 2539 1586 2581 carnem.
1597 2525 1654 2592 Qua
1665 2525 1771 2582 tandem
1782 2526 1897 2584 ratione

1096 2616 1122 2672 id
1137 2617 1270 2674 ostendit?
1283 2616 1350 2684 Quia
1372 2632 1426 2672 non
1445 2626 1543 2687 polest,
1565 2617 1660 2688 iuqrrit,
1681 2629 1823 2689 utnrruqnc
1839 2635 1891 2672 rc·
1930 2615 1943 2624 '

1095 2723 1154 2764 rum
1175 2723 1246 2773 csse,
1267 2715 1296 2764 et
1316 2707 1388 2779 quod
1408 2708 1435 2764 lu
1450 2707 1568 2778 Epistola
1580 2718 1622 2763 cst
1639 2708 1832 2771 udllorusnus,
1850 2708 1898 2764 lie
2000 2709 2006 2716 '

1097 2799 1166 2856 Filio
1182 2817 1240 2868 suo,
1260 2802 1303 2872 qui
1328 2805 1411 2872 puter
1424 2811 1460 2858 ert
1481 2818 1514 2857 cs
1534 2803 1629 2856 semiue
1648 2800 1731 2856 Dauid
1749 2803 1895 2858 scaudnnr

1095 2909 1196 2947 caruem
1208 2892 1297 2965 (donn.
1311 2909 1330 2954 ι.
1345 2893 1391 2967 5);
1407 2903 1435 2950 ct
1445 2893 1517 2965 quod
1528 2895 1566 2950 ait
1575 2895 1608 2950 ad
1617 2894 1780 2961 Corinthios,
1795 2893 1895 2965 itaque

1096 3000 1142 3038 uos
1158 2987 1250 3039 mrtodo
1269 2986 1394 3039 sentirem
1412 2987 1526 3040 ironicum
1537 2987 1674 3040 muudum
1685 3001 1810 3040 mneos:
1826 2997 1857 3039 cs
1868 2987 1899 3040 si

1096 3090 1245 3130 sternamus
1258 3077 1396 3130 secuudum
1412 3093 1513 3131 caruem
1526 3075 1670 3140 Christum,
1692 3077 1736 3130 ree
1753 3091 1820 3130 nurse
1829 3076 1895 3147 p'nru

1096 3169 1309 3242 nerinoninsuslll
1319 3167 1379 3224 dir.
1391 3185 1418 3235 r,
1428 3167 1484 3242 tu).
1500 3169 1591 3224 liestut
1602 3183 1666 3238 erpo
1677 3178 1706 3223 ut
1715 3167 1894 3224 nosdesnou·

1096 3271 1213 3316 streuurs
1225 3277 1305 3332 quam
1320 3261 1404 3332 possit
1415 3270 1558 3332 utrumque
1570 3276 1663 3316 neuim
1678 3275 1748 3324 esse,
1763 3269 1792 3316 ct
1804 3275 1896 3330 quam

1096 3353 1147 3408 silui
1159 3352 1217 3409 traec
1227 3353 1281 3410 duo
1293 3370 1346 3410 non
1356 3355 1409 3410 sint
1423 3353 1564 3409 contraria.
1577 3353 1664 3411 Unum
1678 3353 1778 3423 qnippc
1791 3367 1893 3409 eorum

1095 3461 1149 3500 non
1165 3460 1227 3502 csse
1248 3445 1334 3512 Pauli,
1355 3444 1427 3500 rrrrllu
1445 3443 1525 3500 inodo
1543 3457 1685 3514 possumus
1703 3443 1810 3509 dicere;
1823 3445 1893 3514 quia

1096 3539 1169 3594 trulla
1184 3539 1350 3595 lacorariat
1368 3537 1489 3594 codicum
1511 3536 1665 3592 arteturiuu.
1689 3537 1746 3593 Etsi
1766 3535 1837 3591 euim
1862 3537 1894 3594 iu

1096 3629 1253 3703 quibusdem
1268 3630 1358 3685 latiaris
1370 3629 1566 3698 exemplaribus
1588 3643 1642 3683 nnn
1665 3628 1770 3699 legittrr,
1792 3621 1891 3698 smine,

1096 3722 1154 3786 scd,
1170 3730 1245 3778 nome
1265 3736 1298 3776 ee
1313 3721 1409 3776 surdae
1428 3719 1522 3788 dauid
1546 3735 1607 3775 cum
1626 3733 1713 3790 penca
1736 3723 1819 3790 fectus
1840 3718 1896 3773 lra-

1096 3811 1186 3876 bcaut,
1212 3811 1283 3868 unde
1307 3827 1362 3866 nnn
1387 3811 1420 3868 ad
1447 3812 1570 3878 certon,
1593 3810 1641 3867 scd
1667 3811 1702 3866 ud
1727 3811 1894 3866 seutentiam

1096 3902 1243 3958 translcrre
1254 3903 1337 3958 noluit
1354 3901 1479 3968 diceudo,
1501 3913 1600 3968 ιιιιιιιιι,
1620 3903 1719 3958 latinus
1732 3902 1866 3971 interpres
1883 3921 1893 3959 ε

1096 4006 1185 4051 tanton
1197 3997 1330 4052 Christum
1342 3996 1490 4052 exsemine
1503 3995 1583 4050 lisvid
1595 4009 1656 4050 esse
1666 3995 1812 4051 secundem
1825 4009 1896 4049 car-

1096 4102 1168 4154 neas,
1179 4088 1298 4143 omnium
1306 4087 1432 4143 librorum
1440 4088 1674 4158 atqueliuquanrm
1686 4088 1830 4143 concordet
1839 4103 1896 4144 au·

1096 4180 1214 4234 ctoritas.
1235 4179 1263 4235 lu
1277 4179 1329 4235 ime
1340 4187 1429 4234 sutem
1446 4177 1705 4249 Paulumaliquaudo
1725 4192 1838 4238 errasse.
1862 4188 1897 4234 ct

1096 4263 1898 4342 pmilciendomutasscsentcntiasa,absitutdicsmus.erod

1096 4362 1177 4417 ctiam
1192 4362 1249 4432 ipse
1266 4360 1380 4417 Fartstus
1390 4361 1473 4416 sensit
1485 4375 1564 4431 quem
1579 4360 1700 4430 improbe
1714 4367 1793 4430 atquc
1808 4360 1899 4430 impie

1097 4455 1247 4521 discretum
1261 4455 1405 4526 maluitque
1416 4453 1515 4521 dicere,
1530 4453 1603 4509 Pauli
1620 4451 1763 4523 Epistulam
1774 4452 1898 4508 eliorum

1099 4546 1213 4602 salsitate
1224 4556 1387 4625 corruptam,
1407 4561 1486 4615 quam
1499 4545 1583 4616 ipsios
1595 4559 1686 4602 errore
1699 4543 1832 4600 vitiosam.

1133 4637 1247 4696 carus
1266 4639 1298 4693 ll.
1319 4667 1356 4679 -
1376 4639 1414 4692 llo
1434 4637 1475 4692 lais
1487 4638 1558 4692 enim
1572 4638 1648 4693 lilrris
1659 4637 1712 4692 dici
1727 4644 1823 4706 potest,
1839 4637 1901 4693 ali·

1098 4729 1160 4801 quid
1175 4744 1222 4785 eos
1234 4729 1333 4784 habero
1344 4743 1398 4782 uun
1410 4742 1556 4782 corennum
1569 4727 1683 4782 dirtassc
1695 4727 1846 4789 occultiori,
1864 4737 1902 4785 et

1098 4822 1132 4876 ad
1145 4818 1354 4891 dignoscendum
1367 4818 1509 4873 dilliciliori
1519 4816 1635 4884 rcritsti,
1648 4816 1720 4888 qnod
1732 4827 1778 4871 aru
1790 4816 1830 4872 sie
1845 4833 1902 4874 rc-

1099 4911 1236 4979 mauserit,
1249 4919 1295 4965 ιιιιι
1306 4911 1332 4964 in
1347 4910 1539 4980 posterioribus
1551 4917 1702 4964 correctum
1712 4908 1759 4975 sit,
1773 4907 1821 4978 qni
1833 4923 1901 4966 neu

1099 5001 1268 5078 praecipiendi
1281 5002 1448 5068 auctoritato,
1461 5000 1508 5056 sed
1530 4999 1685 5070 proteieudl
1698 5000 1903 5059 exercitatione

1099 5097 1251 5152 scribuntur
1270 5109 1286 5149 s
1308 5093 1394 5148 trabis.
1417 5093 1489 5148 iuter
1507 5091 1556 5146 lios
1572 5091 1645 5148 cuim
1666 5105 1768 5158 sumus,
1792 5091 1903 5162 quilius

1100 5191 1170 5246 iclcua
1180 5191 1316 5260 apostolus
1328 5187 1393 5244 dicit
1408 5204 1415 5242 r
1431 5185 1465 5240 lit
1475 5186 1497 5240 ri
1510 5185 1572 5254 quid
1586 5186 1660 5240 aliter
1667 5185 1767 5258 sepiis,
1783 5185 1811 5238 id
1824 5199 1900 5254 que·

1099 5283 1228 5354 querceis
1240 5278 1437 5336 miserereris
1452 5277 1582 5350 (Piritipp.
1594 5291 1634 5342 su,
1648 5275 1707 5348 ts).
1720 5275 1797 5343 Quod
1807 5290 1905 5344 quares

1100 5375 1247 5430 litterarum
1258 5387 1310 5429 nou
1322 5385 1384 5426 cum
1396 5367 1522 5425 credendi
1537 5367 1706 5434 necessitate,
1715 5366 1764 5423 sed
1775 5381 1836 5422 curn
1848 5367 1902 5435 ju·

1099 5463 1205 5522 dicandi
1225 5463 1345 5519 libertate
1359 5459 1501 5531 legendum
1514 5469 1566 5514 est.
1586 5459 1634 5514 Cui
1653 5464 1742 5514 umen
1759 5471 1794 5512 nc
1806 5457 1905 5514 inter-

1100 5557 1253 5615 cluderetur
1264 5557 1349 5621 locus,
1356 5563 1385 5610 ct
1391 5553 1547 5610 adimiretur
1555 5549 1669 5622 posteris
1681 5549 1714 5604 ud
1726 5549 1904 5620 questiones

1101 5650 1224 5712 diiiiciles
1246 5647 1397 5704 tractandas
1415 5653 1496 5715 atque
1513 5642 1657 5699 rcrsandas
1671 5641 1767 5712 lingere
1786 5654 1819 5694 ac
1836 5643 1906 5700 stili

1101 5743 1291 5803 saluberrimus
1302 5738 1393 5806 labor,
1407 5737 1531 5794 distincta
1543 5743 1584 5792 est
1596 5751 1611 5790 a
1625 5732 1799 5806 posteriorum
1814 5728 1906 5795 libris
1945 5803 1949 5806 .
