4034 6334
274 423 327 490 lii

276 545 386 603 deretur
397 559 404 597 ε
415 533 588 614 quantaelibet
600 536 626 594 in
638 551 670 594 eo
683 534 831 608 particulae,
847 537 874 587 et
888 525 1069 586 innumerabi-

275 637 312 696 lia
335 637 418 694 irusta
441 634 492 692 aiia
513 633 631 704 majora,
659 630 709 686 alia
732 627 834 684 minora
855 641 904 698 pro
926 621 1068 697 cogitantis

275 731 387 787 arbitrio
399 728 572 792 metirentur,
586 732 616 780 ut
629 718 760 793 bipedalis
774 719 801 775 in
817 733 864 787 co,
880 717 953 774 uerbi
964 717 1067 788 gratia,

275 835 338 896 pars
352 825 413 878 octo
427 819 545 891 partibus
566 815 654 870 minor
667 821 739 870 esset
758 827 838 885 quam
860 804 1067 881 decempedalis.

276 915 305 972 id
320 916 392 972 enim
405 927 513 971 neccsse
528 918 569 965 est
582 909 720 978 contingat
734 907 858 963 omnibus
872 904 973 962 natiuis
985 944 993 971 ,
1007 917 1068 973 quae

275 1023 325 1082 per
336 1009 396 1064 talin
410 1004 494 1077 spatia
506 1001 609 1060 dillusae
621 1001 719 1072 ubique
729 1007 791 1057 totas
801 1015 861 1058 esse
872 1013 925 1054 non
939 1002 1066 1069 possunt:

276 1103 347 1174 qnod
361 1103 388 1157 in
402 1101 458 1172 ipsa
470 1099 559 1153 anima
575 1111 629 1152 non
642 1092 786 1165 inuenitur,
803 1101 830 1151 ct
843 1095 876 1149 ab
893 1093 931 1148 eis
946 1091 990 1163 qui
1004 1107 1069 1146 con·

276 1195 394 1252 siderare
406 1191 465 1248 iraec
478 1205 531 1246 non
545 1189 645 1257 ualent,
659 1187 818 1244 deformiter
830 1185 863 1242 do
876 1185 921 1241 illa
934 1191 961 1239 et
982 1181 1067 1254 turpi-

277 1293 317 1342 tcr
330 1284 459 1340 creditur.
481 1279 482 1284 ’

311 1375 422 1434 CAPUT
440 1371 601 1432 itm—as.
617 1371 818 1429 Delirotnentnut
838 1372 870 1426 de
890 1369 987 1442 tlrtplici
1001 1376 1070 1424 terra

274 1467 407 1542 refellitur.
423 1465 614 1524 Verumtamen
625 1460 1070 1522 cumcarnalibusanimislortasse

276 1567 330 1620 bon
346 1565 385 1620 sic
399 1563 532 1636 agendum
548 1570 608 1629 cst,
625 1561 671 1618 sed
692 1559 908 1618 descendendum
924 1567 965 1614 cst
979 1557 1070 1629 potius

277 1659 310 1714 ad
324 1671 416 1714 eorum
436 1656 630 1728 cogitationes,
644 1655 688 1726 qui
709 1663 829 1708 uraturam
845 1651 1029 1722 incorpoream
1043 1656 1071 1704 et

277 1750 443 1821 spiritualem
457 1749 598 1821 cogitando
610 1749 697 1820 potius
708 1747 782 1818 sequi
795 1747 815 1814 ¹,
830 1746 872 1802 uel
884 1761 936 1801 rron
949 1737 1069 1809 audoin,

276 1842 319 1898 rei
338 1841 457 1896 nortdum
471 1841 581 1907 ualent;
602 1841 638 1896 ita
657 1847 687 1896 nt
707 1855 757 1896 nec
777 1837 861 1910 ipsam
882 1835 1070 1908 cogitationem

277 1937 352 1991 snam
374 1930 467 1990 eadem
490 1934 651 2005 cogitatione
672 1931 860 1998 considerent,
884 1937 911 1985 ct
935 1927 1071 1985 inveniant

278 2043 336 2082 cam
351 2026 422 2081 nulio
445 2027 565 2082 iocorum
588 2025 675 2096 spatio
699 2025 733 2080 de
756 2024 821 2094 ipsis
842 2023 962 2078 iocorum
978 2020 1071 2092 spatiis

278 2119 439 2189 iutlicnntem
450 2118 471 2171 ¹.
485 2117 682 2174 descendamus
697 2131 761 2188 crgo
772 2116 806 2171 ad
818 2131 910 2172 eorum
925 2129 1029 2181 scissus,
1044 2121 1072 2170 et

280 2221 430 2280 quaeramus
449 2209 551 2275 abeis,
569 2211 644 2277 juata
664 2224 742 2279 quam
756 2217 853 2280 portem
867 2215 890 2263 et
908 2207 984 2279 juxta
999 2205 1072 2276 quod

278 2303 354 2369 latur,
371 2293 611 2358 sicutlllaniclucus
624 2301 698 2370 dicit,
712 2301 820 2356 illustris
839 2301 908 2356 illine
928 2317 957 2355 uc
976 2309 1071 2360 sonetur

279 2404 353 2451 terror
368 2405 421 2452 not
435 2395 593 2452 tenebrarunt
609 2406 685 2452 terra.
707 2395 775 2450 Dicit
796 2396 878 2458 enim,
897 2397 973 2466 juxto
994 2411 1072 2448 anum

279 2496 375 2558 portent
389 2503 419 2542 ur
430 2489 515 2552 lutus,·
528 2503 579 2543 nec
592 2487 657 2544 dicit
669 2504 748 2558 quarn
762 2497 875 2560 partem,
887 2487 929 2543 vei
945 2487 1017 2558 quod
1031 2487 1071 2541 ia·

278 2584 339 2645 ltro,
354 2577 476 2634 dextrum
499 2590 533 2634 un
556 2580 704 2635 sinistrum.
720 2577 773 2636 Sed
796 2581 934 2650 quodlibet
952 2581 1070 2651 eligant,

277 2668 343 2726 iliud
356 2677 429 2726 certe
445 2671 615 2727 manifestum
628 2679 680 2739 est,
696 2686 751 2727 non
765 2671 817 2728 dici
832 2689 912 2728 renum
926 2673 1007 2742 latus,
1022 2671 1070 2728 uisi

278 2762 323 2817 ubi
337 2771 379 2819 est
390 2773 417 2819 et
431 2762 544 2820 alterum
560 2765 640 2820 lutus.
653 2761 704 2821 Ubi
720 2773 808 2820 autern
823 2766 866 2819 uei
880 2765 928 2819 tria
942 2765 983 2819 ucl
996 2765 1073 2836 plura
1088 2819 1093 2826 ,

279 2863 342 2913 sunt
356 2856 456 2926 latera,
470 2865 515 2912 aut
528 2855 620 2929 ligurus
640 2858 756 2914 ambitus
781 2854 937 2928 intelligitur
957 2857 1073 2928 undique

278 2949 453 3018 terminatus,
470 2950 550 3005 autsi
564 2951 696 3021 exaliqua
717 2951 834 3021 partein
849 2950 1009 3005 immensum
1023 2965 1071 3020 pa-

278 3047 331 3109 tet,
355 3057 387 3097 er
413 3041 445 3098 iis
470 3047 559 3097 tamen
576 3059 634 3114 qum
653 3043 737 3098 latera
752 3043 885 3106 dicuntur,
902 3055 1012 3097 necesse
1032 3051 1074 3098 cst

279 3131 396 3190 liniatur.
411 3130 507 3191 Dicant
521 3149 601 3206 crgo,
616 3143 648 3191 er
662 3135 715 3190 alio
730 3136 831 3200 intere,
850 3134 894 3190 uei
910 3149 942 3190 er
961 3133 1020 3188 aitis
1037 3135 1074 3188 ia-

278 3226 400 3296 teribus,
425 3227 489 3299 qnid
511 3227 706 3298 adjungebatur
726 3235 805 3282 terrac
828 3226 914 3293 lucis,
935 3225 957 3282 si
973 3241 1004 3280 eu
1021 3242 1074 3282 nno

279 3317 364 3374 latere
386 3329 443 3375 erat
464 3335 530 3391 gens
550 3319 739 3374 tenebrarum?
749 3318 807 3375 Non
822 3317 933 3374 dicunt:
949 3317 996 3374 scd
1012 3333 1072 3373 enm

279 3419 439 3482 premuntur
450 3423 479 3468 ut
493 3413 592 3480 dicant,
608 3411 709 3468 indulta
724 3411 818 3468 dicunt
837 3427 897 3469 esse
917 3411 967 3467 alia
990 3412 1073 3468 latera

249 3571 252 3576 Ι
279 3511 360 3560 terrae
382 3506 452 3562 iilius
474 3521 552 3576 quum
574 3506 642 3560 iocis
656 3512 770 3569 uocant,
784 3504 812 3559 id
827 3513 884 3571 est,
902 3519 950 3575 per
970 3503 1073 3560 irulrnita

280 3597 366 3668 spatia
381 3597 507 3669 distendi,
520 3608 547 3655 et
559 3599 634 3654 nullo
648 3597 699 3654 liure
712 3597 842 3655 celtiberi.
855 3597 911 3654 Nec
922 3599 1074 3670 intelligunt

279 3688 334 3764 lam
349 3707 401 3746 non
416 3707 476 3748 esse
498 3693 596 3759 latera,
615 3691 685 3764 quod
705 3691 843 3762 quibusvis
864 3691 945 3756 tardis
961 3691 1075 3763 ingeniis

280 3786 478 3856 apertissimum
493 3793 544 3842 cst.
560 3785 635 3842 ‘lunc
649 3789 719 3842 enim
732 3787 928 3854 essentialem,
941 3789 962 3844 si
976 3787 1074 3844 struibus

281 3878 337 3934 suis
353 3879 570 3934 terminarentur.
589 3881 658 3948 Quid
677 3879 710 3935 ad
724 3896 784 3950 mc,
805 3881 904 3952 inquit,
917 3881 940 3937 ai
954 3896 1008 3938 non
1022 3883 1075 3938 sint

281 3967 384 4024 laterai
398 3968 450 4025 Sed
463 3983 524 4025 cum
539 3969 653 4036 diceres,
666 3974 742 4044 jurio
752 3989 829 4026 unone
843 3983 940 4044 portem
954 3991 984 4028 oo
995 3971 1072 4043 lutus,

281 4060 359 4116 aliam
374 4075 480 4132 quoque
494 4071 597 4132 partem
614 4061 670 4118 sice
684 4069 793 4133 partes,
808 4071 835 4119 et
848 4063 920 4120 aliud
937 4064 1006 4121 latus
1018 4065 1075 4137 siue

280 4153 365 4209 latera
379 4153 494 4224 cogebas
510 4153 631 4224 intelligi.
646 4153 711 4209 Num
735 4153 756 4210 si
778 4171 858 4209 nmun
882 4163 982 4210 tautum
1006 4157 1075 4212 latus

281 4252 349 4311 erat,
365 4251 466 4299 tantum
479 4245 553 4316 juxta
569 4245 641 4302 latus
652 4245 704 4302 dici
716 4247 809 4302 debuit
822 4289 830 4315 ,
844 4261 896 4302 nou
906 4249 982 4318 juata
996 4265 1075 4303 unam

282 4335 360 4392 lutus.
376 4335 451 4392 Sicut
464 4337 489 4392 in
503 4351 616 4408 corpore
629 4347 722 4394 nostro
737 4348 808 4395 recto
824 4339 938 4397 dicimus
955 4355 1015 4397 esse
1026 4341 1075 4397 ali-

282 4424 347 4499 quid
357 4427 431 4498 juxta
445 4442 526 4485 unum
541 4431 668 4500 occulunt,
689 4432 751 4502 quia
767 4440 808 4489 est
820 4433 888 4487 aiter
902 4433 1014 4501 oculus;
1029 4441 1076 4489 aut

282 4519 356 4591 iuxta
369 4533 452 4575 urnam
465 4522 621 4589 mamillam,
636 4523 697 4592 quia
712 4531 754 4579 est
768 4523 861 4578 altera.
881 4521 908 4579 Si
928 4531 1018 4579 autem
1031 4523 1075 4579 di-

282 4629 375 4671 camus
388 4617 462 4688 iuxta
477 4631 559 4671 unum
575 4631 690 4684 nasum,
710 4625 755 4673 aut
768 4617 843 4686 juxta
865 4633 945 4673 unuun
966 4619 1075 4674 uruubili·

282 4723 354 4773 cunr,
371 4723 431 4763 cum
444 4707 511 4762 alius
525 4723 579 4763 non
595 4708 642 4774 sit,
657 4721 671 4763 a
684 4707 771 4764 doctis
784 4718 811 4764 ot
825 4709 859 4764 ab
873 4708 986 4764 indoctis
1002 4708 1075 4763 rido-

282 4799 381 4856 bimur.
393 4799 446 4857 Sed
459 4815 511 4856 non
523 4809 549 4856 te
560 4791 649 4857 verbis
660 4818 752 4872 premo
763 4820 770 4857 a
782 4801 894 4871 fortasse
909 4801 979 4857 cuim
993 4819 1074 4858 unum

282 4893 357 4964 quasi
373 4892 480 4948 unicum
496 4892 632 4963 appellare
648 4893 769 4948 uoltristi.

317 4983 430 5040 GdPU‘l'
442 4980 514 5040 xxi.
527 5014 562 5026 —
573 4983 698 5039 Emudcm
718 4993 812 5040 terrom
825 4985 903 5053 lucio,
917 4985 939 5041 ri
951 4993 1025 5042 icrroe
1037 4993 1076 5041 te·

282 5075 414 5132 nebrnrttm
426 5077 554 5148 jurrqitur,
567 5093 619 5131 esse
631 5091 788 5148 corporeum.
800 5075 900 5149 Figura
917 5087 990 5132 terrac
1005 5087 1076 5133 tene-

282 5163 385 5222 brorum
393 5169 559 5240 junctoecum
575 5177 642 5221 terre
660 5165 732 5223 lucis.
750 5169 818 5236 Quid
840 5183 905 5241 ergo
928 5181 984 5225 crat
1000 5171 1075 5242 jarria

281 5253 347 5312 illud
362 5257 431 5314 latus
444 5265 540 5326 terrae,
556 5272 635 5327 quam
650 5258 780 5316 illustrem
793 5273 825 5314 ae
840 5269 958 5315 sarnetum
977 5256 1077 5317 rocasi

283 5345 373 5414 Terra,
397 5348 495 5420 inquis,
510 5351 676 5406 tenebrarum.
688 5349 767 5420 Quid,
787 5351 820 5407 de
831 5351 880 5407 istu
897 5361 966 5412 terra
980 5356 1075 5413 saitem

283 5439 408 5495 coruoedis
430 5441 501 5511 qnod
523 5457 652 5515 corporea
677 5443 754 5500 erati
776 5443 891 5501 Necesse
913 5455 955 5502 cst
976 5455 1002 5503 te.
1024 5447 1076 5506 hoc

282 5529 386 5597 dicere;
411 5523 624 5604 quandoquidem
647 5537 736 5591 omniu
759 5551 871 5608 corpora
894 5537 955 5596 indo
977 5543 1076 5598 asseris

283 5623 415 5694 originem
427 5623 535 5680 ducere.
550 5625 618 5695 Quid
633 5640 711 5700 ergo,
728 5643 833 5702 quaeso,
851 5633 1074 5703 incarnandum,

315 5784 325 5880 ζ
339 5783 492 5858 cmbeieusis
501 5783 575 5855 yetus
588 5787 677 5850 codex,
689 5791 817 5866 copbmdq
826 5793 945 5866 prroequt.

341 5846 408 5920 Edita,
423 5851 548 5920 antumant
564 5861 617 5900 eom
636 5847 741 5902 iocorum
752 5861 829 5920 sparto
848 5855 878 5908 de
896 5857 955 5922 ipsis
970 5857 1078 5913 loom

282 5907 531 5976 spmmrndwoutem.
543 5909 702 5964 mandantur
714 5928 747 5967 eu
757 5919 896 5972 corbeiensi
905 5921 996 5974 codice.

699 419 835 478 cournu
854 405 1045 474 nersrouun
1063 380 1250 482 Murcum,
1269 415 1299 474 s.
1319 418 1503 479 rocosum

1730 419 1913 483 '.l88

1123 533 1243 606 quamuis
1257 533 1378 592 carnales
1390 532 1522 603 homines,
1536 552 1571 593 ne
1584 526 1636 594 lroc
1649 535 1756 609 quidem
1767 537 1912 610 aliquando

1122 629 1343 698 animadvertitis,
1355 629 1426 702 quod
1440 629 1567 686 lateribus
1581 631 1632 687 sibi
1643 631 1717 704 jungi
1733 640 1845 704 utraque
1859 632 1912 686 ista

1123 724 1195 777 terra
1215 738 1269 778 non
1292 723 1386 794 possit,
1408 723 1457 778 nisi
1481 731 1553 779 esset
1571 732 1682 794 utraque
1702 723 1914 794 corporealcrrr

1122 829 1187 885 ergo
1200 815 1277 873 nobis
1291 816 1431 872 dicebatur
1445 817 1538 872 nescio
1550 817 1620 888 qua¹
1634 817 1755 872 caedmte
1765 817 1909 887 peruersis

1123 909 1292 966 tenebrarum
1316 919 1418 967 tantum
1439 921 1537 967 terram
1563 910 1645 967 luisse
1668 910 1709 966 vel
1731 925 1791 966 esse
1810 926 1911 981 corpo·

1120 1018 1194 1058 ream
1204 1022 1211 1069 ;
1222 1004 1294 1058 iliam
1305 1020 1371 1061 uero
1380 1021 1441 1076 qua
1451 1015 1521 1060 terra
1531 1003 1638 1060 luminis
1647 1003 1780 1058 diceretur
1790 1003 1915 1072 incorpo-

1124 1113 1196 1154 rcnm
1209 1107 1236 1152 et
1250 1097 1416 1169 spiritualem
1437 1097 1511 1154 credi
1531 1093 1672 1168 oporterel
1690 1090 1914 1166 Expergiscamur

1103 1228 1106 1237 ·
1122 1189 1264 1261 aliquando
1276 1189 1397 1246 homines
1411 1190 1485 1258 boni,
1498 1199 1526 1247 et
1540 1189 1636 1246 saitem
1650 1187 1779 1244 admoniti
1790 1187 1860 1258 quod
1873 1185 1914 1240 la-

1123 1282 1251 1337 ciliimum
1272 1290 1314 1338 est
1332 1282 1520 1350 attendamus,
1540 1279 1606 1336 duas
1621 1289 1707 1335 terras
1721 1279 1771 1333 sibi
1786 1276 1914 1334 lateribus

1122 1387 1175 1427 non
1187 1387 1265 1442 posse
1279 1373 1414 1444 conjungi,
1428 1373 1478 1429 nisi
1493 1371 1625 1444 utraqne¹
1641 1371 1676 1426 sit
1687 1385 1794 1441 corpus.

1158 1467 1361 1524 satureiae
1384 1467 1434 1522 ista
1454 1465 1534 1523 etiarn
1554 1466 1638 1523 crassi
1662 1474 1691 1521 et
1711 1463 1780 1520 tardi
1800 1478 1914 1527 sumus,

1122 1575 1214 1632 quaero
1234 1571 1323 1616 utrum
1343 1570 1371 1619 et
1391 1561 1447 1632 ipsa
1463 1571 1533 1616 terra
1547 1559 1718 1617 tenebrarum
1742 1577 1822 1616 uuurm
1845 1558 1916 1614 latus

1122 1651 1257 1718 habuerit,
1272 1664 1299 1710 et
1313 1662 1410 1710 caetcra
1422 1653 1535 1719 inlinita,
1549 1653 1619 1708 sicut
1631 1661 1704 1708 terra
1719 1652 1796 1707 lucis.
1808 1649 1866 1707 lion
1880 1650 1916 1705 ita

1123 1746 1254 1812 credunt,
1271 1747 1364 1802 timent
1385 1745 1456 1803 cuim
1478 1764 1511 1801 nir
1531 1745 1587 1801 beo
1600 1743 1723 1801 videatur
1736 1744 1856 1815 aequalis.
1871 1743 1918 1797 Di-

1123 1846 1188 1895 cunt
1200 1854 1265 1910 ergo
1274 1838 1347 1895 iilam
1360 1852 1409 1910 per
1421 1837 1580 1910 proinudum
1594 1837 1754 1892 immensam
1764 1843 1791 1891 et
1801 1852 1849 1905 per
1858 1835 1919 1890 iarn-

1123 1947 1185 2003 gum
1200 1950 1207 1985 τ
1221 1947 1327 1987 sursum
1338 1946 1431 1987 versun
1444 1939 1532 1986 autem
1545 1945 1624 2002 supra
1645 1929 1717 1985 iilam
1729 1928 1740 1961 ⁸
1754 1928 1838 1998 spatia
1854 1925 1917 1981 inlu-

1124 2023 1179 2080 nite
1193 2023 1330 2080 inanitatis
1344 2022 1488 2078 allrrmant.
1511 2023 1545 2078 Et
1568 2037 1602 2077 ne
1624 2037 1682 2094 rpsa
1704 2020 1749 2076 uel
1771 2019 1918 2089 simplum,

1125 2128 1195 2174 terra
1209 2127 1299 2174 autem
1313 2117 1423 2174 luminis
1436 2117 1547 2189 duplum
1570 2123 1663 2172 tenere
1685 2114 1818 2183 uideatur,
1833 2128 1920 2181 angu-

1124 2220 1196 2268 stant
1206 2228 1265 2268 eam
1277 2227 1293 2267 a
1303 2211 1408 2270 dnobus
1420 2211 1500 2266 etiam
1513 2210 1652 2266 lateribus.
1665 2209 1802 2277 Tanquam
1812 2207 1836 2262 si
1850 2222 1919 2264 unius

1124 2303 1201 2376 panis
1214 2303 1265 2375 (sic
1275 2303 1347 2361 enim
1361 2303 1430 2375 quod
1444 2301 1542 2360 dicitur
1558 2301 1662 2358 larciiins
1678 2299 1765 2357 videri
1778 2299 1876 2371 potest)
1891 2299 1918 2356 in

1123 2397 1240 2468 quadras
1252 2406 1367 2468 quatuor
1381 2396 1540 2454 decussatim
1551 2396 1690 2462 iormetur,
1706 2394 1733 2450 in
1749 2393 1844 2466 quibus
1864 2403 1920 2449 tros

1125 2487 1179 2546 sint
1192 2487 1333 2556 candida,
1354 2504 1406 2544 tana
1428 2490 1521 2560 nigra:
1536 2488 1616 2543 modo
1633 2486 1669 2542 de
1691 2487 1775 2543 tribus
1797 2486 1920 2543 candidis

1125 2579 1189 2636 tolle
1201 2579 1420 2649 distinctionem,
1436 2590 1463 2637 et
1478 2578 1520 2637 lac
1534 2579 1595 2635 illas
1614 2589 1642 2635 et
1662 2594 1769 2635 sursum
1783 2593 1878 2634 uersus
1891 2587 1921 2634 et

1125 2672 1251 2728 deorsum
1264 2687 1368 2740 uersus,
1380 2682 1408 2729 et
1418 2671 1536 2744 undique
1548 2681 1622 2727 retro
1635 2669 1753 2726 infinitas
1768 2671 1825 2726 :sic
1836 2670 1870 2725 ab
1880 2671 1921 2726 eis

1125 2777 1185 2821 esse
1198 2760 1317 2820 creditur
1330 2773 1399 2820 terra
1412 2764 1490 2820 iocis.
1504 2763 1580 2818 iliam
1593 2779 1656 2819 uero
1670 2763 1773 2833 nigram
1789 2760 1920 2833 quadram

1125 2856 1168 2913 iac
1179 2857 1306 2914 deorsum
1316 2873 1412 2913 uersus
1424 2866 1450 2914 et
1461 2865 1535 2913 retro
1545 2855 1687 2923 infinitam,
1698 2871 1778 2928 supra
1788 2871 1818 2911 se
1829 2864 1921 2910 numm

1125 2949 1285 3006 immensam
1298 2949 1453 3005 inanitatem
1468 2948 1587 3004 babere:
1602 2949 1642 3004 sic
1661 2948 1803 3019 opinantur
1817 2957 1918 3002 terram

1126 3043 1300 3098 tenebrarum
1311 3039 1333 3096 ⁸.
1348 3039 1401 3097 Sed
1416 3041 1474 3097 baec
1491 3041 1570 3098 nimis
1582 3041 1691 3095 attentis
1706 3048 1734 3096 ct
1745 3039 1864 3096 studiose
1877 3037 1920 3094 in-

1126 3133 1291 3205 quirentibus
1302 3133 1378 3204 quasi
1389 3143 1490 3188 secreta
1501 3131 1698 3190 demonstrant.

1161 3225 1274 3285 CAPUT
1288 3227 1369 3284 xxti.
1382 3227 1526 3300 -Fiquru
1539 3237 1613 3283 terroe
1622 3227 1685 3283 lucis
1694 3227 1795 3300 loedior.
1808 3225 1924 3283 Verum·

1127 3330 1216 3377 tamen
1232 3323 1254 3376 si
1270 3322 1304 3376 ita
1319 3330 1376 3388 est,
1391 3328 1502 3392 apparet
1514 3330 1613 3377 terram
1635 3320 1807 3376 tenebrarum
1820 3334 1835 3372 a
1849 3327 1923 3375 terra

1127 3413 1195 3468 lucis
1206 3411 1311 3468 duobus
1324 3413 1451 3468 lateribus
1465 3413 1548 3483 tangi.
1560 3413 1595 3468 Et
1609 3412 1700 3483 utique
1711 3413 1733 3467 si
1745 3411 1849 3467 duobus
1862 3419 1925 3466 tan-

1127 3507 1211 3578 gitur,
1229 3507 1333 3562 duobus
1354 3508 1433 3563 etiam
1457 3508 1550 3578 tangit.
1571 3506 1652 3564 Certe
1672 3507 1745 3576 irrata
1762 3524 1841 3562 unum
1855 3506 1924 3561 intua

1127 3610 1182 3656 eret
1191 3610 1258 3654 terro
1272 3599 1441 3654 tenebrarum.

1163 3693 1208 3748 st.
1223 3693 1323 3748 Deinde
1337 3709 1416 3765 quum
1430 3693 1501 3750 loeda
1512 3689 1594 3766 ligura
1606 3701 1686 3751 terreo
1697 3693 1710 3727 ⁸
1722 3694 1790 3750 lucis
1800 3703 1923 3764 apparet,

1128 3793 1254 3856 tanquam
1277 3786 1339 3840 fissa
1359 3786 1459 3857 ungula
1482 3787 1560 3856 nigro
1579 3786 1695 3857 quodam
1719 3801 1807 3842 cuneo
1830 3786 1926 3842 subter

1127 3882 1250 3944 arctato,
1265 3877 1329 3932 iiiac
1342 3886 1446 3933 tantum
1461 3877 1534 3933 linita
1550 3893 1602 3949 qua
1616 3879 1737 3944 finditur,
1751 3877 1827 3932 bians
1841 3877 1925 3933 ctiam

1127 3975 1155 4024 et
1167 3977 1261 4039 patens
1274 3967 1390 4039 desuper
1400 3969 1558 4038 interposito
1572 3969 1646 4024 inani
1658 3968 1786 4040 quidquid
1801 3984 1815 4024 a
1828 3983 1926 4040 super-

1128 4057 1187 4113 lieie
1204 4066 1282 4114 terrm
1292 4059 1462 4114 tenebrarum
1475 4074 1582 4114 sursum
1597 4059 1859 4115 uersusimmensum
1869 4070 1925 4114 cst.

1130 4151 1216 4220 Quam
1231 4151 1329 4207 deinde
1342 4152 1439 4208 melior
1454 4151 1537 4222 ipsius
1552 4160 1630 4208 terrae
1648 4152 1818 4208 tenebrarum
1840 4151 1927 4222 ligura

1127 4241 1296 4298 ostenditur:
1313 4242 1444 4314 siquidem
1456 4244 1499 4298 iiia
1512 4243 1597 4312 dudit,
1613 4244 1671 4299 inec
1683 4243 1809 4308 liuditum
1820 4243 1865 4298 iiia
1880 4242 1927 4298 in-

1128 4335 1238 4403 seritur,
1254 4335 1312 4391 hacc
1330 4335 1491 4405 interpatet3
1505 4335 1550 4390 itta
1564 4335 1590 4390 in
1609 4350 1639 4392 se
1658 4335 1724 4391 uuili
1739 4333 1863 4390 inanitati
1877 4333 1927 4389 dat

1127 4425 1227 4494 iocum,
1246 4427 1303 4482 baec
1317 4426 1350 4483 ab
1364 4425 1489 4483 inleriore
1507 4436 1609 4482 tantum
1623 4435 1701 4500 parte
1719 4427 1779 4482 laxa
1795 4435 1927 4495 nonest,

1128 4537 1179 4592 qua
1193 4522 1283 4578 irostiii
1303 4537 1389 4578 cuneo
1402 4522 1588 4593 subimpletur.
1602 4521 1704 4579 indocti
1724 4538 1788 4594 ergo
1801 4522 1930 4578 homines

1128 4622 1156 4669 et
1169 4613 1241 4668 arari
1256 4629 1317 4669 cum
1330 4615 1463 4684 majorem
1478 4612 1608 4670 honorem
1621 4614 1742 4670 tribuunt
1760 4612 1929 4669 multitudini

1128 4705 1243 4776 partium
1257 4721 1336 4776 quam
1352 4707 1459 4776 unitati,
1475 4715 1504 4762 ut
1517 4721 1564 4762 sex
1579 4716 1670 4778 partes
1682 4705 1779 4764 darent
1790 4716 1869 4762 tarra.
1885 4705 1932 4761 lu-

1128 4801 1177 4866 cis,
1194 4809 1248 4856 tres
1263 4799 1388 4856 deorsum
1402 4815 1506 4870 tersus,
1519 4809 1574 4857 trcs
1584 4816 1689 4856 sursum
1705 4815 1808 4866 versus,
1822 4797 1931 4855 mainc-

1127 4900 1192 4950 runt
1216 4894 1349 4964 pcructruri
1375 4901 1472 4949 terram
1496 4893 1564 4950 lucis
1579 4908 1658 4964 qnam
1685 4900 1839 4963 penetrare.
1866 4891 1931 4946 Tali

1125 5137 1130 5143 ·
1161 5113 1172 5146 ²
1188 5118 1224 5162 Er.
1238 5116 1265 5163 et
1275 5118 1341 5173 tou,
1353 5110 1476 5162 auronae
1486 5109 1594 5165 omrem
1601 5124 1659 5178 qao,
1671 5119 1719 5164 eto.
1739 5111 1891 5175 impositio,
1905 5124 1934 5173 a,
2005 5140 2006 5143 =

1129 5186 1177 5225 non
1189 5182 1228 5225 est
1237 5175 1300 5238 apud
1312 5183 1362 5224 am.
1375 5187 1458 5238 neque
1469 5175 1494 5224 in
1505 5183 1557 5224 tttss.

1161 5238 1172 5269 ⁸
1188 5245 1251 5297 ttss,
1265 5244 1399 5300 rnrunnque.

1161 5299 1172 5332 ⁸
1186 5300 1246 5350 ratiti
1257 5298 1330 5362 uulgo
1340 5301 1385 5357 sic,
1396 5309 1440 5362 per
1450 5297 1597 5368 meduntam
1607 5299 1748 5350 naamam
1758 5307 1768 5349 .·
1778 5302 1858 5360 aper
1874 5297 1934 5347 ton-

1129 5373 1186 5426 gtnrt
1195 5374 1291 5412 sursum
1301 5374 1382 5412 oersttu
1390 5365 1431 5410 aru
1442 5373 1516 5424 stupro
1526 5359 1603 5420 adnm,
1616 5369 1663 5411 etc.
1675 5360 1810 5423 (astigarrdi
1823 5374 1854 5410 ex
1871 5366 1932 5408 tiss.

1129 5423 1171 5486 qui
1184 5436 1236 5486 pro,
1248 5431 1298 5484 naut,
1319 5423 1420 5482 babent,
1435 5429 1532 5482 uertem3
1550 5429 1576 5472 et
1595 5423 1642 5472 hoc
1657 5429 1726 5485 pacto
1744 5423 1821 5473 rerba
1840 5421 1933 5471 distin·

1129 5492 1217 5549 guent,
1228 5500 1272 5551 per
1290 5483 1436 5550 profundum
1454 5482 1629 5535 murmuraret
1679 5483 1800 5547 rlertqam
1814 5494 1935 5535 :surarum

1130 5560 1212 5599 tersus
1223 5556 1301 5599 aretem
1312 5559 1385 5613 supro
1396 5545 1472 5606 iiluna,
1486 5554 1533 5596 etc.
1550 5554 1606 5595 n'am
1622 5547 1647 5596 in
1657 5559 1684 5594 ra
1695 5554 1847 5609 comparatum
1860 5553 1935 5596 terra

1130 5610 1175 5661 ista
1185 5611 1284 5673 quradrae
1299 5611 1376 5672 uigrm
1395 5609 1507 5659 deorsum
1521 5617 1611 5668 uersus,
1628 5607 1743 5680 {illm
1761 5619 1806 5672 per
1825 5605 1935 5671 prolun-

1129 5672 1196 5733 dum,
1208 5681 1230 5724 et
1242 5679 1316 5732 retro,
1328 5671 1391 5734 quod
1404 5677 1443 5721 est
1453 5685 1497 5733 por
1508 5670 1615 5734 longum,
1627 5670 1736 5733 rubente.

1129 5734 1174 5846 ab*
1190 5735 1412 5796 ascentionum,
1429 5731 1465 5784 sic
1476 5729 1507 5783 ab
1517 5731 1553 5784 eia
1564 5743 1614 5783 eoae
1624 5729 1749 5794 creditam
1760 5731 1827 5796 quod
1846 5740 1935 5784 anas.

1163 5804 1208 5848 esi.

1145 5861 1172 5933 Ι·
1188 5867 1214 5910 tn
1234 5859 1307 5912 editis
1323 5858 1411 5910 omma
1430 5863 1483 5908 erat
1499 5869 1556 5922 rou,
1577 5857 1667 5922 terrm
1682 5856 1938 5927 mensnram
