4034 6334
733 373 836 432 tmstt
853 371 1020 442 QUARTUS
1040 373 1195 436 DECIMUS.

139 383 207 442 ¹⁸⁴¹
1709 383 1781 443 tots

137 498 191 555 vuli
204 505 234 556 ct
252 496 282 556 ln
292 503 348 554 tam
360 509 456 568 magna
469 492 585 552 demersi
606 505 695 549 rernm
715 489 882 563 ignorantia,
896 495 926 546 nt
987 492 1095 550 niturin
1107 499 1252 566 conspectu
1265 509 1329 565 auo,
1344 495 1395 553 nisi
1406 503 1469 553 ante
1481 509 1512 554 se
1525 495 1629 568 ipsami
1642 497 1701 556 Non
1713 514 1778 573 ergo

136 593 209 650 illins
220 591 318 648 mentis
331 591 457 648 tenebras
470 604 548 646 mens
563 587 679 644 bominis
692 600 752 657 que
766 581 864 655 aliquid
878 598 929 640 no·
983 586 1021 643 ibi
1032 586 1082 643 erit
1096 587 1141 644 ubi
1152 596 1221 658 erat,
1240 589 1347 662 qnando
1366 591 1394 646 in
1405 597 1550 661 conspectu
1567 605 1616 648 suo
1635 607 1690 650 non
1702 603 1778 666 erat;

136 688 174 744 vit
185 683 350 742 exhorreat?
361 683 403 740 bn
420 683 499 739 etiam
517 681 575 753 ipsa
588 695 619 737 se
631 693 712 735 nosse
722 675 855 734 credenda
867 682 929 744 est,
983 679 1045 750 quia
1060 678 1103 735 lric
1119 681 1214 750 posita,
1230 679 1292 738 indo
1305 680 1409 738 sublata
1421 689 1471 738 eat.
1486 681 1540 739 Sed
1551 683 1574 740 si
1588 684 1778 755 conspicienda

135 777 183 834 sed
195 777 298 834 intenta
309 774 392 832 nimis
402 773 430 830 in
443 788 490 832 eas
507 787 550 830 res
564 785 631 844 quas
643 785 691 842 per
701 768 823 840 corporis
835 779 930 823 senem
982 769 1108 840 migravit
1118 770 1139 837 ¹,
1152 781 1327 842 conspectura
1338 772 1385 829 nbi
1397 774 1535 831 manebiti
1550 774 1592 831 ln
1604 776 1679 847 quasi
1689 777 1776 848 gemi-

135 879 210 928 tanto
222 869 335 941 majore,
347 875 447 939 quanto
459 866 570 922 notiore
581 863 664 934 ooepit
676 859 854 918 delectatione
864 873 928 915 sen·
982 868 1071 930 natur,
1085 869 1115 917 ut
1128 871 1156 917 et
1167 863 1222 919 illic
1233 864 1269 918 sit
1285 870 1312 920 ot
1325 865 1378 933 bic,
1399 865 1427 922 id
1440 874 1492 935 eat,
1512 876 1539 924 et
1551 867 1597 924 ubi
1609 870 1777 941 conspicere,

135 963 196 1030 tire,
209 976 264 1016 non
279 961 402 1032 ignorare
413 972 443 1015 se
456 964 553 1029 potest,
573 955 622 1012 sed
634 953 752 1026 cogitare
764 967 794 1008 se
807 965 861 1006 non
878 963 927 1021 po·
982 963 1010 1010 et
1021 953 1067 1010 ubi
1080 955 1199 1027 conspici
1213 957 1315 1027 possit,
1336 969 1366 1014 ut
1379 959 1407 1014 in
1419 975 1449 1016 se
1462 961 1500 1017 sit
1511 962 1697 1033 conspiciens,
1713 971 1777 1023 ante

134 1055 209 1111 testi
220 1053 325 1123 Quanta
341 1065 421 1122 porro
434 1049 582 1106 intentione
599 1047 626 1103 in
641 1047 691 1102 ista
709 1061 768 1117 quta
786 1041 854 1100 loris
866 1049 929 1099 sunt
981 1059 1013 1102 se
1023 1046 1165 1117 conspicua
1175 1046 1188 1101 i
1198 1046 1271 1105 ttitrtt
1284 1047 1380 1104 luorum
1391 1049 1469 1106 nobis
1486 1051 1585 1108 veritas
1596 1053 1719 1110 consulta
1728 1069 1776 1112 re·

136 1147 273 1207 sensibilia
286 1145 398 1212 lerator,
411 1145 455 1201 rel
467 1142 530 1200 binc
539 1141 627 1199 solum
637 1139 734 1212 conjici
744 1145 842 1210 potest,
856 1133 929 1208 quod
981 1135 1097 1207 spondet
1110 1155 1117 1192 :
1134 1139 1258 1210 quoniam
1271 1138 1378 1212 quando
1391 1141 1443 1199 isto
1454 1143 1535 1200 modo
1548 1145 1706 1217 cogitamus,
1721 1162 1775 1204 non

134 1241 202 1297 lucis
220 1239 299 1311 bujus
319 1236 472 1294 hauriendus
484 1237 524 1292 sic
542 1235 621 1292 auida
636 1241 687 1301 est,
701 1240 730 1287 ut
747 1229 771 1286 si
788 1229 929 1302 quisquam
981 1231 1034 1286 nisi
1051 1245 1193 1301 corporum
1205 1231 1281 1288 liotas
1299 1232 1428 1305 imagines
1442 1237 1601 1308 cogitamus,
1616 1237 1687 1308 quod
1701 1252 1774 1296 men·

134 1334 223 1389 minus
237 1339 331 1388 cautus
343 1337 390 1385 ant
399 1328 523 1384 nesciens
537 1325 601 1399 quid
614 1322 676 1380 inde
687 1322 771 1395 possit
781 1319 926 1386 accidere,
981 1330 1037 1378 tem
1051 1337 1104 1380 non
1118 1338 1179 1380 esse
1190 1324 1283 1394 paucis
1294 1326 1474 1384 certissimum
1484 1337 1525 1386 est
1537 1329 1681 1400 mentibus,
1693 1345 1707 1385 a
1718 1332 1776 1402 qui·

134 1433 294 1480 nocturnum
305 1422 394 1478 lumen
407 1423 526 1493 posuerit
536 1415 802 1490 nbijacetinians,in
812 1429 843 1471 ea
854 1420 929 1486 parte
981 1416 1031 1473 bus
1046 1425 1133 1488 potest
1153 1417 1187 1473 de
1203 1416 1253 1474 bac
1266 1434 1297 1476 re
1311 1420 1409 1477 veritas
1423 1423 1536 1480 consuli.
1560 1424 1676 1482 Proinde
1693 1435 1778 1485 restat

133 1515 259 1586 adquam
273 1513 385 1584 jacentis
402 1513 470 1568 oculi
486 1510 591 1580 possint
601 1507 761 1579 retorqueri,
777 1519 828 1562 ncc
837 1503 928 1560 ceruix

133 1606 219 1679 possit
233 1604 341 1670 inllecti,
352 1605 391 1660 sic
401 1603 458 1674 ejus
473 1603 535 1659 inde
545 1617 598 1656 nnn
607 1607 776 1657 remoueatur
787 1603 925 1668 aspectus,

135 1709 163 1756 ut
177 1699 319 1755 nonnullos
333 1713 365 1753 cx
379 1696 431 1752 boc
444 1696 525 1753 etiam
538 1694 678 1752 strabones
691 1691 750 1749 fleri
762 1690 927 1758 noverimus,

135 1809 193 1851 eam
206 1793 319 1849 sormam
334 1792 487 1848 tenentibus
500 1789 592 1857 oculis,
614 1803 694 1860 qnam
705 1786 806 1842 teneris
819 1793 846 1840 et
858 1783 928 1840 mol·

134 1887 203 1941 libus
215 1882 381 1941 consuetudo
395 1881 510 1954 quodam
525 1880 605 1936 modo
619 1880 715 1936 inluxit.
728 1879 766 1933 lta
779 1877 844 1933 etin
861 1876 929 1932 alios

134 1975 254 2046 corporis
266 1989 371 2042 sensns,
380 1983 507 2045 qnantum
517 1972 582 2028 sinit
595 1971 641 2027 illa
655 1979 729 2037 ems,
741 1968 888 2026 intentione
898 1981 929 2024 se

134 2067 209 2137 quasi
227 2074 363 2122 coarctant
376 2066 471 2120 animae
490 2063 677 2134 paruulorum,
691 2070 721 2116 ut
736 2058 865 2132 quidquid
880 2073 929 2129 per

134 2175 242 2216 carnem
256 2159 368 2216 odendit
377 2168 423 2213 aut
435 2158 528 2225 allicit,
543 2157 594 2214 boc
609 2156 694 2212 solum
705 2155 867 2212 abhorreant
879 2167 928 2210 te·

134 2250 274 2309 bcmenter
287 2261 333 2306 aut
345 2256 472 2321 appetant
485 2265 493 2302 ε
508 2265 556 2305 sua
570 2263 634 2304 uero
644 2247 770 2303 interiora
786 2262 839 2302 non
852 2246 928 2317 cogi·

135 2352 204 2412 tent,
220 2357 270 2399 nec
283 2343 387 2412 possint
398 2341 536 2396 admoneri
550 2347 577 2396 ut
592 2339 644 2395 boc
655 2337 769 2405 iaciant3
786 2340 847 2408 quia
860 2352 928 2394 non-

134 2437 198 2494 dum
213 2435 381 2491 admonentis
398 2431 474 2506 sigui
491 2439 632 2497 noverunt,
647 2431 692 2487 ubi
705 2430 867 2503 praecipuum
885 2430 927 2486 lo-

133 2543 195 2584 cum
208 2527 291 2583 uerba
301 2526 430 2594 obtinent,
446 2539 506 2596 quae
517 2523 588 2581 sicut
600 2523 652 2579 alia
671 2531 782 2595 prorsus
793 2521 926 2578 nesciunt.

134 2618 211 2689 Quod
224 2626 312 2673 autem
324 2616 396 2671 alind
410 2617 512 2672 sitnon
526 2630 557 2671 se
569 2629 665 2681 nosse,
680 2613 752 2670 alind
764 2628 819 2669 non
834 2627 864 2670 se
879 2627 926 2669 eo·

133 2711 230 2782 gnare,
243 2709 297 2781 jam
311 2707 447 2765 incudem
463 2707 597 2765 uolumine
610 2705 776 2764 ostendimus
790 2703 866 2778 (la'b.
880 2703 925 2775 tt,

133 2819 191 2875 cop.
204 2801 252 2875 5).

170 2896 197 2952 8.
217 2893 271 2951 Sed
283 2893 353 2951 banc
371 2901 479 2950 etatem
493 2895 658 2962 omittamus,
672 2909 732 2965 quse
745 2907 796 2950 nec
809 2893 926 2950 interro·

132 2987 190 3057 gari
203 2996 291 3057 potest
301 2987 364 3059 quid
383 2987 410 3043 in
423 3001 453 3042 se
471 2995 581 3059 agatur,
593 2994 621 3043 et
640 3001 691 3042 nos
708 2987 760 3057 ipsi
778 2986 836 3057 ejus
849 2985 927 3044 ualde

133 3077 209 3134 obliti
221 3093 323 3135 sumus.
338 3077 406 3135 ilinc
417 3085 521 3134 tantum
533 3086 621 3136 certos
631 3093 680 3136 nos
694 3092 754 3135 esse
768 3076 925 3148 stmecerit,

133 3171 205 3242 quod
217 3185 277 3226 cum
287 3171 368 3228 bomo
379 3168 414 3226 de
423 3171 505 3227 animi
515 3171 556 3226 sui
567 3179 661 3227 natura
671 3170 789 3241 cogitare
798 3167 925 3241 potuerit,

133 3274 214 3338 atquc
234 3265 354 3322 invenire
372 3265 443 3339 qnod
460 3279 555 3321 venum
575 3272 630 3331 est,
646 3264 710 3321 alibi
724 3278 779 3319 non
792 3264 923 3333 inueniet,

133 3373 214 3430 qnam
228 3373 311 3430 penes
325 3374 355 3416 se
367 3360 465 3430 ipsum.
478 3357 600 3415 inueniet
611 3365 713 3426 antem,
726 3373 780 3414 non
795 3357 867 3430 qnod
880 3373 927 3415 ne·

132 3449 246 3520 sciebat,
259 3451 308 3508 sed
326 3451 397 3508 unde
409 3465 463 3507 non
481 3450 624 3522 cogitabat.
637 3449 706 3522 Quid
718 3449 791 3507 enim
805 3451 924 3520 summ,

133 3544 238 3617 siquod
245 3554 287 3602 est
296 3546 324 3603 in
333 3555 423 3601 uostm
433 3555 523 3602 mente
532 3545 668 3601 nescimus
677 3560 685 3609 ;
695 3543 855 3601 cumomnia
866 3559 927 3617 que

134 3638 246 3708 scimus,
259 3655 313 3695 non
326 3639 378 3696 nisi
389 3647 479 3695 mente
491 3638 562 3695 scire
573 3635 727 3709 possimus?

169 3729 284 3788 CAPUT
297 3731 343 3788 Vl.
353 3762 388 3774 -
400 3731 435 3788 ln
452 3740 534 3786 mente
544 3747 573 3787 tc
584 3731 667 3804 iprum
685 3729 811 3802 cogitante
828 3729 928 3787 inedita

134 3824 251 3895 modom
265 3825 390 3892 quomodo
401 3825 503 3881 celsini.
516 3825 584 3892 Quid
595 3823 622 3880 t‘n
634 3823 682 3879 ltoe
695 3823 809 3879 trinitoto
823 3830 928 3896 prtettct

133 3919 262 3990 cogitatio.
277 3917 362 3974 'latria
374 3927 415 3974 cst
426 3927 513 3973 tamen
523 3915 692 3987 cogitationis
700 3915 752 3984 uis,
767 3923 797 3971 ut
806 3929 858 3972 nco
869 3914 928 3985 ipsa

134 4027 211 4068 niens
224 4010 339 4083 quodam
356 4011 437 4068 modo
449 4025 479 4066 se
490 4010 518 4066 in
532 4013 678 4080 conspectu
698 4021 748 4065 suo
762 4015 861 4080 ponat,
875 4007 928 4082 nisi

134 4103 242 4175 quando
254 4118 286 4160 se
300 4103 397 4174 cogitat
414 4120 421 4157 t
438 4117 470 4158 ac
481 4116 530 4172 per
542 4100 593 4157 boc
606 4101 644 4156 ita
661 4099 727 4156 nibil
742 4098 770 4154 in
782 4107 928 4170 conspectu

134 4195 233 4250 mentis
242 4203 293 4263 est,
307 4194 359 4250 nisi
372 4193 443 4250 unde
455 4194 596 4266 cogitatur,
609 4199 641 4248 nt
650 4207 701 4249 nec
709 4190 768 4263 ipsa
777 4205 863 4259 mens,
875 4205 928 4261 qua

135 4288 268 4359 cogitatur
275 4287 402 4360 quidquid
411 4287 554 4358 cogitatur,
566 4285 646 4341 aliter
657 4284 742 4357 possit
755 4297 816 4340 esse
822 4283 850 4338 in
860 4297 928 4340 con·

135 4388 229 4450 spectu
239 4393 299 4448 sno,
312 4380 364 4435 nisi
377 4380 501 4450 seipsam
511 4377 663 4452 cogitando.
674 4376 816 4447 Quomodo
825 4384 927 4446 autem,

136 4473 245 4546 quando
254 4490 285 4530 se
296 4490 351 4531 non
360 4475 469 4546 cogitat,
484 4475 512 4530 in
525 4482 672 4544 conspectu
682 4487 732 4529 suo
742 4486 795 4528 non
808 4473 854 4541 tit,
866 4485 928 4528 cum

136 4567 195 4623 sine
207 4583 238 4624 se
250 4568 307 4637 ipsa
317 4582 452 4639 nunqnam
465 4582 525 4623 esse
534 4567 629 4638 possit,
643 4566 721 4638 quasi
730 4565 802 4621 aliud
814 4566 850 4621 sit
858 4567 927 4635 ipsa,

136 4659 210 4716 aliud
231 4669 391 4732 conspectus
410 4658 488 4731 ejus,
510 4658 630 4715 inuenire
653 4673 708 4714 non
729 4672 851 4729 possum.
872 4657 930 4715 tloc

136 4753 236 4825 quippe
247 4753 281 4810 de
299 4754 379 4810 oculo
392 4751 513 4824 corporis
532 4767 587 4808 non
601 4751 717 4809 absurde
735 4751 833 4809 dicitur
848 4769 856 4809 ε
870 4751 930 4822 ipse

137 4847 237 4919 quippe
251 4846 344 4903 oculus
355 4848 416 4903 loco
427 4861 477 4902 suo
492 4846 560 4902 linus
573 4847 653 4902 estin
666 4859 790 4917 corpore,
804 4852 929 4917 aspectus

137 4949 227 4996 autem
236 4939 295 5010 ejus
307 4940 335 4995 in
349 4954 381 4994 ea
393 4954 452 5009 qnae
464 4945 540 4993 extra
553 4945 616 4993 sunt
625 4936 752 5004 tenditur,
766 4943 889 5008 eiusque
900 4936 930 4993 in

137 5031 226 5086 sidera
241 5027 403 5085 extenditur.
418 5027 475 5083 Nec
495 5037 536 5082 cst
550 5026 643 5082 oculus
657 5026 685 5082 in
704 5035 849 5097 conspectu
863 5039 928 5094 suo;

138 5121 355 5195 quandoquidem
373 5135 427 5176 non
443 5117 573 5188 conspicit
593 5133 624 5172 oe
636 5118 735 5187 ipsum,
754 5117 806 5173 nisi
820 5115 930 5189 speculo

139 5213 255 5286 obiecto,
263 5213 334 5270 unde
339 5212 394 5284 jam
402 5209 484 5268 locuti
492 5222 583 5265 sumus
593 5203 662 5278 (Lib.
674 5207 719 5275 lb,
730 5224 789 5280 cop.
797 5209 826 5280 b)
837 5207 926 5280 :quod

139 5321 193 5362 non
207 5305 238 5362 tit
255 5306 348 5377 utique
365 5301 473 5376 quando
486 5315 516 5358 so
529 5313 606 5355 mens
617 5298 647 5355 in
666 5314 714 5355 suo
726 5307 870 5370 conspectu
887 5299 931 5356 sui

140 5396 300 5468 cogitatione
320 5394 465 5452 constituit.
486 5389 620 5460 ttnnqnit
634 5404 699 5461 ergo
720 5390 771 5446 alia
790 5405 837 5447 sua
854 5399 931 5462 parte

141 5487 221 5545 aliam
235 5495 337 5558 partem
350 5501 425 5542 suam
434 5483 515 5551 uidet,
525 5497 586 5539 cum
596 5497 627 5538 se
636 5481 766 5553 conspicit
776 5482 930 5552 cogitando,

141 5583 212 5638 sicut
225 5582 285 5637 aliis
299 5579 427 5638 membris
439 5577 548 5646 nostris,
561 5576 676 5648 quisunt
687 5575 767 5642 oculi,
776 5574 828 5630 alia
840 5591 931 5632 mem·

141 5672 191 5728 lira
204 5682 295 5728 nostra
307 5671 500 5742 conspicimus,
521 5683 581 5741 quus
597 5669 624 5723 in
644 5674 735 5724 nostro
747 5675 860 5737 possunt
872 5682 932 5725 esse

142 5765 308 5838 conspectui
325 5763 394 5834 Quid
412 5762 465 5819 dlci
483 5759 624 5818 absurdius
643 5760 688 5816 vel
710 5758 805 5816 sentiri
825 5759 933 5829 potesti

144 5851 310 5928 llndeigitor
322 5854 442 5914 euenor
455 5868 541 5924 nens,
556 5851 637 5912 nitio
654 5867 686 5914 te
695 5850 811 5924 ipratet
821 5851 867 5912 ubi
880 5861 932 5924 ιιι·

981 1519 1012 1566 ut
1025 1511 1124 1583 aliquid
1142 1513 1279 1586 pertinens
1293 1513 1326 1570 ad
1346 1515 1405 1586 ejus
1423 1525 1545 1574 naturam
1563 1519 1598 1574 sit
1615 1530 1777 1592 conspectus

980 1605 1049 1678 eius,
1061 1614 1088 1662 et
1100 1607 1127 1661 in
1140 1621 1209 1674 eam,
1223 1608 1329 1678 qnando
1341 1623 1371 1664 se
1383 1609 1491 1680 cogitat,
1506 1613 1648 1683 nunqnasi
1661 1628 1709 1683 per
1723 1611 1776 1670 toci

981 1699 1107 1770 spatium,
1123 1699 1170 1756 sed
1181 1700 1338 1771 incorporea
1351 1703 1528 1758 conversione
1543 1713 1683 1760 revocetur
1694 1723 1702 1760 ε
1712 1719 1774 1761 cum

980 1806 1045 1848 uero
1058 1806 1112 1846 non
1126 1807 1155 1848 sc
1169 1792 1278 1863 cogitat,
1294 1793 1394 1850 nonsit
1406 1792 1512 1865 quidem
1523 1793 1550 1850 in
1561 1803 1775 1866 conspectusuo,

980 1897 1031 1940 nec
1044 1883 1078 1940 dc
1091 1883 1135 1937 illa
1149 1899 1212 1938 suus
1226 1883 1356 1939 lormeiur
1368 1885 1486 1951 obtutus,
1502 1885 1549 1941 sed
1563 1894 1650 1943 tamen
1671 1888 1777 1944 noverit

980 1991 1011 2031 se
1025 1982 1151 2046 tanquam
1164 1974 1220 2044 ipsa
1233 1973 1269 2030 sit
1278 1975 1329 2031 tibi
1338 1975 1467 2032 memoria
1477 1975 1530 2032 sui.
1541 1975 1617 2033 Sicut
1630 1977 1776 2034 multarum

979 2066 1180 2136 disciplinarum
1202 2067 1303 2137 peritus
1326 2081 1356 2124 ea
1382 2082 1441 2139 qnte
1462 2069 1627 2139 notit,e1'us
1645 2071 1776 2129 memoria

979 2159 1160 2226 continentur,
1178 2175 1227 2216 nec
1239 2169 1280 2216 est
1289 2159 1352 2216 inde
1366 2161 1466 2232 aliquid
1479 2161 1506 2217 in
1519 2171 1663 2232 conspectu
1676 2163 1775 2219 mentis

979 2251 1048 2322 cius,
1062 2251 1113 2308 nisi
1125 2251 1196 2308 unde
1208 2253 1306 2324 cogitat
1318 2269 1325 2320 ;
1339 2265 1436 2309 cetera
1451 2254 1477 2308 in
1487 2267 1584 2310 arcana
1594 2254 1708 2325 quadam
1724 2270 1773 2311 no-

979 2343 1036 2399 titia
1051 2351 1112 2398 sunt
1133 2341 1281 2411 recondita,
1297 2359 1356 2414 quoe
1375 2345 1504 2400 memoria
1518 2356 1693 2416 nuncupatur.
1709 2344 1773 2402 ldeo

978 2435 1126 2492 trinitatem
1139 2435 1179 2491 sic
1192 2435 1455 2502 commendabamus,
1469 2435 1573 2493 utillud
1589 2437 1659 2493 untle
1673 2435 1774 2494 lomna-

979 2537 1024 2584 ιιι
1035 2529 1176 2599 cogitantis
1186 2529 1304 2597 obtutus,
1318 2529 1346 2587 in
1357 2531 1484 2586 memoria
1498 2545 1674 2600 poneremus;
1686 2531 1772 2602 ipsam
1811 2567 1815 2570 -

978 2635 1044 2678 uero
1057 2617 1307 2690 conformationem,
1321 2630 1446 2693 tanquam
1465 2621 1607 2694 imaginem
1627 2637 1687 2693 quae
1710 2620 1772 2680 inde

978 2712 1157 2784 imprimitnr;
1172 2721 1200 2768 ot
1211 2713 1276 2772 illud
1289 2728 1342 2785 quo
1353 2722 1494 2784 utrumque
1503 2713 1683 2786 conjungitur,
1694 2727 1771 2770 auto·

977 2821 1036 2863 rem
1057 2819 1105 2862 seu
1117 2806 1292 2863 voluntatem.
1308 2805 1382 2864 llens
1400 2806 1480 2878 igitur
1492 2805 1598 2878 quando
1611 2805 1772 2877 cogitatione

977 2913 1009 2958 se
1024 2899 1164 2972 conspicit,
1178 2899 1302 2972 intelligit
1320 2914 1350 2956 se
1365 2907 1394 2956 et
1406 2899 1593 2971 recognoscit:
1608 2899 1694 2971 gignit
1706 2913 1772 2970 orgo

978 2993 1051 3052 bunc
1071 2993 1236 3051 intellectum
1250 3003 1278 3050 et
1299 2995 1478 3066 cognitionem
1497 3007 1584 3050 suam.
1605 2993 1660 3050 lies
1673 2993 1772 3065 quippe

979 3089 1135 3159 incorporea
1155 3086 1288 3144 intellecta
1307 3086 1480 3158 conspicitur,
1496 3095 1524 3142 et
1537 3084 1709 3158 intelligendo
1723 3097 1771 3142 eo·

977 3181 1124 3254 gnoscitur.
1145 3177 1200 3237 Nec
1220 3179 1256 3235 ita
1269 3193 1334 3236 sanc
1353 3178 1438 3252 gignit
1452 3180 1530 3234 istum
1551 3177 1672 3234 notitiam
1695 3191 1772 3233 suam

977 3286 1065 3340 mens,
1079 3270 1185 3343 quando
1196 3270 1338 3343 cogitando
1348 3269 1510 3326 intellectam
1520 3281 1550 3324 se
1559 3267 1700 3340 conspicit,
1714 3274 1774 3324 tan·

978 3379 1058 3439 quam
1071 3364 1123 3421 sibi
1135 3372 1198 3420 ante
1208 3363 1339 3434 incognita
1353 3359 1449 3418 inerit:
1459 3360 1507 3418 sed
1519 3359 1555 3415 ita
1566 3358 1618 3414 sibi
1630 3365 1692 3414 nota
1702 3367 1770 3427 erat,

977 3455 1204 3528 quemadmodum
1215 3463 1286 3510 notae
1298 3461 1361 3510 sunt
1369 3467 1411 3509 res
1422 3467 1482 3525 quas
1493 3451 1623 3508 memoria
1633 3449 1775 3508 continen-

979 3556 1033 3618 tur,
1048 3547 1219 3606 etiamsinon
1233 3545 1382 3618 cogitentur
1398 3561 1405 3599 a
1420 3543 1545 3614 quoniam
1559 3542 1673 3600 dicimus
1685 3542 1773 3600 bomi-

979 3656 1042 3698 nem
1052 3653 1132 3696 nosse
1149 3635 1263 3704 litteras,
1276 3636 1356 3692 etiam
1370 3649 1429 3692 cnm
1444 3631 1478 3690 de
1491 3633 1550 3689 aliis
1562 3633 1654 3701 rebus,
1668 3632 1769 3690 nonde

978 3733 1075 3790 litteris
1087 3733 1196 3805 cogitat.
1211 3732 1275 3788 llaec
1285 3740 1373 3788 autem
1386 3730 1449 3798 duo,
1464 3731 1576 3802 gignens
1591 3737 1619 3787 et
1631 3729 1769 3801 genitum,

978 3827 1122 3885 dilectione
1135 3827 1212 3886 tertia
1222 3826 1390 3898 copulantur,
1407 3839 1467 3897 qus
1477 3823 1542 3879 nibil
1557 3820 1680 3882 estaliud
1692 3835 1773 3892 quam
1798 3863 1806 3872 .

978 3920 1104 3976 voluntas
1116 3917 1258 3976 fruendum
1268 3916 1368 3989 aliquid
1383 3925 1511 3987 appetens
1520 3915 1564 3971 vel
1576 3923 1681 3971 tenens.
1696 3911 1774 3968 ioco-

979 4028 1032 4085 que
1046 4013 1126 4071 ctiam
1141 4012 1194 4068 illis
1209 4011 1294 4068 tribus
1308 4009 1462 4066 nominibus
1475 4006 1662 4065 insinuandam
1675 4005 1773 4064 mentis

980 4107 1130 4179 putavimus
1139 4101 1772 4174 trinitatem,memoria,intelligentia,voluntate.

1016 4199 1044 4256 9.
1066 4197 1120 4256 Sed
1142 4199 1268 4270 qnoniam
1282 4206 1398 4254 mentem
1417 4209 1524 4268 semper
1546 4194 1587 4252 sni
1606 4193 1773 4260 meminisse,

979 4309 1140 4367 semperque
1160 4308 1190 4350 se
1213 4293 1298 4362 ipsam
1313 4289 1462 4361 intelligere
1483 4296 1510 4346 et
1530 4301 1637 4354 amare,
1651 4283 1773 4358 quamvis

980 4404 1035 4445 non
1048 4401 1156 4458 semper
1173 4400 1204 4441 se
1223 4384 1340 4455 cogitare
1361 4383 1503 4439 discretam
1522 4381 1556 4437 ab
1577 4379 1617 4437 eis
1640 4393 1701 4452 quae
1720 4391 1775 4434 non

980 4487 1045 4537 sunt
1056 4478 1127 4550 qnod
1140 4478 1196 4550 ipsa
1209 4485 1266 4544 est,
1281 4479 1353 4533 circa
1365 4474 1487 4547 ejusdem
1504 4473 1566 4531 libri
1578 4473 1677 4530 decimi
1693 4469 1774 4528 bitem
1805 4498 1809 4522 ,ι

980 4569 1096 4627 diximus
1109 4585 1116 4622 :
1131 4567 1303 4640 quaerendum
1314 4575 1356 4622 est
1365 4580 1480 4638 quonam
1492 4564 1574 4621 modo
1587 4564 1620 4621 ad
1635 4563 1776 4634 cogitatio·

981 4677 1042 4718 nem
1055 4661 1190 4734 pertineat
1210 4659 1374 4725 intellectus;
1389 4657 1481 4714 notitia
1493 4671 1559 4713 vero
1571 4655 1699 4726 cujusque
1715 4653 1774 4720 rei,

980 4770 1041 4827 quse
1054 4753 1124 4810 inest
1137 4751 1230 4821 menti,
1242 4751 1321 4807 etiam
1334 4751 1440 4824 quando
1451 4765 1504 4806 non
1516 4749 1552 4805 de
1565 4751 1621 4819 ipsa
1632 4746 1773 4818 cogltmur,

981 4847 1016 4904 ad
1037 4847 1121 4904 solam
1140 4845 1244 4902 dicator
1255 4842 1412 4900 memoriam
1425 4842 1571 4915 pertinere.
1585 4839 1613 4896 Si
1634 4837 1707 4894 eninr
1722 4837 1774 4895 boc

981 4941 1018 4995 ita
1032 4945 1082 5006 est,
1096 4952 1150 4994 non
1164 4935 1278 4993 babebat
1290 4934 1349 4991 baec
1363 4934 1430 5003 tria,
1444 4940 1473 4987 ut
1492 4938 1522 4987 et
1533 4930 1574 4986 sui
1589 4928 1775 4999 meminisset,

982 5042 1010 5090 et
1021 5047 1051 5089 so
1068 5031 1238 5103 intelligeret,
1252 5037 1280 5085 ot
1292 5035 1396 5086 amaret
1411 5042 1418 5080 a
1432 5021 1481 5080 sed
1498 5023 1658 5080 meminerat
1671 5027 1775 5078 tantum

982 5127 1035 5195 sui,
1046 5135 1073 5182 et
1087 5133 1179 5197 postca
1189 5137 1249 5181 cunt
1262 5121 1379 5192 cogitare
1388 5131 1418 5174 se
1427 5115 1517 5188 cepit,
1530 5125 1631 5173 tuncse
1643 5114 1775 5174 intellexit

983 5226 1063 5290 atque
1077 5217 1179 5274 dilexit.

990 5367 996 5374 ,
1019 5307 1133 5368 unius
1152 5306 1209 5363 vit.
1223 5332 1260 5347 -
1272 5299 1397 5374 Esctnplo
1417 5315 1458 5357 ret
1473 5297 1627 5356 declaratur.
1642 5299 1775 5370 monsedo

983 5418 1024 5458 ret
1042 5401 1077 5457 otl
1091 5398 1220 5474 Jaoontlot
1232 5394 1336 5451 lectores
1349 5402 1457 5449 noctoto
1474 5393 1518 5454 tit.
1532 5393 1701 5468 Quapropter
1714 5393 1775 5451 dili-

983 5496 1091 5570 gentius
1102 5491 1167 5550 illud
1179 5487 1380 5547 consideremus
1393 5486 1555 5558 exemplum,
1565 5487 1636 5560 quod
1650 5485 1775 5544 adhibui·

984 5603 1056 5656 mus,
1074 5586 1138 5644 ulti¹
1151 5582 1337 5640 ostenderetur
1350 5578 1422 5636 alind
1434 5593 1494 5636 esse
1505 5593 1562 5635 rem
1575 5593 1707 5651 quamque
1721 5590 1775 5636 nou

985 5693 1083 5744 nosse,
1098 5673 1170 5758 aliud
1184 5689 1238 5730 non
1256 5673 1392 5743 cogitare;
1406 5669 1518 5744 flerique
1532 5686 1610 5742 posse
1629 5678 1657 5726 ut
1670 5667 1774 5727 noueril

1017 5795 1026 5828 ¹
1043 5789 1112 5852 uuiti,
1121 5783 1243 5852 muniit
1255 5783 1404 5847 spunsione
1413 5777 1609 5846 ussqntproatt.

1018 5845 1438 5917 ’spondentugdtentou-,ut
1469 5849 1499 5894 tt.
