<?xml version="1.0" encoding="UTF-8"?>
<!DOCTYPE html PUBLIC "-//W3C//DTD XHTML 1.0 Transitional//EN"
    "http://www.w3.org/TR/xhtml1/DTD/xhtml1-transitional.dtd">
<html xmlns="http://www.w3.org/1999/xhtml" xml:lang="en" lang="en">
 <head>
  <title>
</title>
<meta http-equiv="Content-Type" content="text/html;charset=utf-8" />
  <meta name='ocr-system' content='tesseract 3.04.00' />
  <meta name='ocr-capabilities' content='ocr_page ocr_carea ocr_par ocr_line ocrx_word'/>
</head>
<body>
  <div class='ocr_page' id='page_1' title='image "./patrologiaecurs01berngoog_0292.png"; bbox 0 0 4034 6334; ppageno 0'>
   <div class='ocr_carea' id='block_1_1' title="bbox 219 384 1894 519">
    <p class='ocr_par' dir='ltr' id='par_1_1' title="bbox 219 384 1894 519">
     <span class='ocr_line' id='line_1_1' title="bbox 219 384 1894 519; baseline 0.012 -41"><span class='ocrx_word' id='word_1_1' title='bbox 219 384 321 498; x_wconf 76' lang='grc' dir='ltr'>,ιιι</span> <span class='ocrx_word' id='word_1_2' title='bbox 635 426 818 519; x_wconf 66' lang='lat' dir='ltr'>munerun</span> <span class='ocrx_word' id='word_1_3' title='bbox 836 418 1520 492; x_wconf 77' lang='lat' dir='ltr'>utmcnctmtsrotntoauousrtuutt.</span> <span class='ocrx_word' id='word_1_4' title='bbox 1845 437 1894 498; x_wconf 85' lang='lat' dir='ltr'>tn</span> 
     </span>
    </p>
   </div>
   <div class='ocr_carea' id='block_1_2' title="bbox 263 561 1894 923">
    <p class='ocr_par' dir='ltr' id='par_1_2' title="bbox 263 561 1894 923">
     <span class='ocr_line' id='line_1_2' title="bbox 263 561 1894 646; baseline 0.004 -20"><span class='ocrx_word' id='word_1_5' title='bbox 263 568 392 645; x_wconf 70' lang='lat' dir='ltr'>casilien.</span> <span class='ocrx_word' id='word_1_6' title='bbox 402 565 546 643; x_wconf 84' lang='lat' dir='ltr'>vu)lliovi</span> <span class='ocrx_word' id='word_1_7' title='bbox 559 581 610 641; x_wconf 90' lang='lat' dir='ltr'>ego</span> <span class='ocrx_word' id='word_1_8' title='bbox 617 575 643 624; x_wconf 89' lang='lat' dir='ltr'>te</span> <span class='ocrx_word' id='word_1_9' title='bbox 655 566 714 623; x_wconf 80' lang='lat' dir='ltr'>bac</span> <span class='ocrx_word' id='word_1_10' title='bbox 727 578 834 636; x_wconf 88' lang='lat' dir='ltr'>semper</span> <span class='ocrx_word' id='word_1_11' title='bbox 844 561 908 620; x_wconf 91' lang='lat' dir='ltr'>odio</span> <span class='ocrx_word' id='word_1_12' title='bbox 918 561 1056 628; x_wconf 82' lang='lat' dir='ltr'>babuisse,</span> <span class='ocrx_word' id='word_1_13' title='bbox 1111 569 1154 618; x_wconf 91' lang='lat' dir='ltr'>sto</span> <span class='ocrx_word' id='word_1_14' title='bbox 1167 561 1283 633; x_wconf 88' lang='lat' dir='ltr'>plaeere.</span> <span class='ocrx_word' id='word_1_15' title='bbox 1296 563 1473 638; x_wconf 81' lang='lat' dir='ltr'>Temporibus</span> <span class='ocrx_word' id='word_1_16' title='bbox 1494 565 1593 624; x_wconf 82' lang='lat' dir='ltr'>nostris</span> <span class='ocrx_word' id='word_1_17' title='bbox 1606 577 1707 625; x_wconf 87' lang='lat' dir='ltr'>renova</span> <span class='ocrx_word' id='word_1_18' title='bbox 1721 567 1839 640; x_wconf 82' lang='lat' dir='ltr'>Paulum,</span> <span class='ocrx_word' id='word_1_19' title='bbox 1851 575 1894 646; x_wconf 87' lang='lat' dir='ltr'>qui</span> 
     </span>
     <span class='ocr_line' id='line_1_3' title="bbox 263 652 1894 736; baseline 0.003 -18"><span class='ocrx_word' id='word_1_20' title='bbox 263 664 327 720; x_wconf 89' lang='lat' dir='ltr'>novi</span> <span class='ocrx_word' id='word_1_21' title='bbox 337 679 386 735; x_wconf 90' lang='lat' dir='ltr'>ego</span> <span class='ocrx_word' id='word_1_22' title='bbox 397 673 423 720; x_wconf 92' lang='lat' dir='ltr'>te</span> <span class='ocrx_word' id='word_1_23' title='bbox 432 677 538 736; x_wconf 95' lang='lat' dir='ltr'>semper</span> <span class='ocrx_word' id='word_1_24' title='bbox 549 674 643 733; x_wconf 89' lang='lat' dir='ltr'>magna</span> <span class='ocrx_word' id='word_1_25' title='bbox 655 657 798 723; x_wconf 89' lang='lat' dir='ltr'>amavisse,</span> <span class='ocrx_word' id='word_1_26' title='bbox 811 671 871 728; x_wconf 81' lang='lat' dir='ltr'>quae</span> <span class='ocrx_word' id='word_1_27' title='bbox 878 663 965 712; x_wconf 89' lang='lat' dir='ltr'>terras</span> <span class='ocrx_word' id='word_1_28' title='bbox 975 652 1059 710; x_wconf 84' lang='lat' dir='ltr'>desc-</span> <span class='ocrx_word' id='word_1_29' title='bbox 1110 667 1172 710; x_wconf 90' lang='lat' dir='ltr'>cnm</span> <span class='ocrx_word' id='word_1_30' title='bbox 1184 654 1249 727; x_wconf 87' lang='lat' dir='ltr'>legis</span> <span class='ocrx_word' id='word_1_31' title='bbox 1263 655 1379 714; x_wconf 74' lang='lat' dir='ltr'>iudaice</span> <span class='ocrx_word' id='word_1_32' title='bbox 1390 658 1484 716; x_wconf 91' lang='lat' dir='ltr'>doctor</span> <span class='ocrx_word' id='word_1_33' title='bbox 1495 666 1577 727; x_wconf 90' lang='lat' dir='ltr'>esset,</span> <span class='ocrx_word' id='word_1_34' title='bbox 1589 668 1750 719; x_wconf 90' lang='lat' dir='ltr'>consecutus</span> <span class='ocrx_word' id='word_1_35' title='bbox 1762 677 1777 718; x_wconf 89' lang='lat' dir='ltr'>a</span> <span class='ocrx_word' id='word_1_36' title='bbox 1787 663 1894 726; x_wconf 84' lang='lat' dir='ltr'>Domino</span> 
     </span>
     <span class='ocr_line' id='line_1_4' title="bbox 263 743 1894 826; baseline 0.004 -16"><span class='ocrx_word' id='word_1_37' title='bbox 263 762 369 821; x_wconf 86' lang='lat' dir='ltr'>terent,</span> <span class='ocrx_word' id='word_1_38' title='bbox 381 770 440 826; x_wconf 81' lang='lat' dir='ltr'>quac</span> <span class='ocrx_word' id='word_1_39' title='bbox 454 743 682 824; x_wconf 85' lang='lat' dir='ltr'>coeios&#39;peteront,</span> <span class='ocrx_word' id='word_1_40' title='bbox 695 765 756 823; x_wconf 83' lang='lat' dir='ltr'>quae</span> <span class='ocrx_word' id='word_1_41' title='bbox 776 763 890 820; x_wconf 88' lang='lat' dir='ltr'>corpora</span> <span class='ocrx_word' id='word_1_42' title='bbox 905 744 1056 806; x_wconf 88' lang='lat' dir='ltr'>mortilica·</span> <span class='ocrx_word' id='word_1_43' title='bbox 1110 747 1274 818; x_wconf 87' lang='lat' dir='ltr'>apostolatus</span> <span class='ocrx_word' id='word_1_44' title='bbox 1286 749 1410 821; x_wconf 91' lang='lat' dir='ltr'>gratiam,</span> <span class='ocrx_word' id='word_1_45' title='bbox 1425 767 1485 824; x_wconf 82' lang='lat' dir='ltr'>quae</span> <span class='ocrx_word' id='word_1_46' title='bbox 1496 751 1605 824; x_wconf 90' lang='lat' dir='ltr'>putabat</span> <span class='ocrx_word' id='word_1_47' title='bbox 1618 755 1768 826; x_wconf 88' lang='lat' dir='ltr'>commoda,</span> <span class='ocrx_word' id='word_1_48' title='bbox 1782 768 1894 818; x_wconf 87' lang='lat' dir='ltr'>contern-</span> 
     </span>
     <span class='ocr_line' id='line_1_5' title="bbox 265 837 1893 923; baseline 0.004 -21"><span class='ocrx_word' id='word_1_49' title='bbox 265 856 341 914; x_wconf 90' lang='lat' dir='ltr'>rent,</span> <span class='ocrx_word' id='word_1_50' title='bbox 357 862 416 919; x_wconf 79' lang='lat' dir='ltr'>quar</span> <span class='ocrx_word' id='word_1_51' title='bbox 430 845 719 902; x_wconf 89' lang='lat' dir='ltr'>animasviviticarent.</span> <span class='ocrx_word' id='word_1_52' title='bbox 732 843 798 912; x_wconf 79' lang='lat' dir='ltr'>Quis</span> <span class='ocrx_word' id='word_1_53' title='bbox 810 842 890 914; x_wconf 90' lang='lat' dir='ltr'>igitur</span> <span class='ocrx_word' id='word_1_54' title='bbox 902 837 1057 910; x_wconf 87' lang='lat' dir='ltr'>itteestqui</span> <span class='ocrx_word' id='word_1_55' title='bbox 1109 838 1163 910; x_wconf 88' lang='lat' dir='ltr'>psit</span> <span class='ocrx_word' id='word_1_56' title='bbox 1182 847 1352 912; x_wconf 82' lang='lat' dir='ltr'>utstrrcora,</span> <span class='ocrx_word' id='word_1_57' title='bbox 1376 851 1406 900; x_wconf 91' lang='lat' dir='ltr'>ut</span> <span class='ocrx_word' id='word_1_58' title='bbox 1426 843 1560 902; x_wconf 82' lang='lat' dir='ltr'>Christum</span> <span class='ocrx_word' id='word_1_59' title='bbox 1586 844 1752 905; x_wconf 75' lang='lat' dir='ltr'>lucrifaceret</span> <span class='ocrx_word' id='word_1_60' title='bbox 1772 847 1893 923; x_wconf 85' lang='lat' dir='ltr'>(Piitipp.</span> 
     </span>
    </p>
   </div>
   <div class='ocr_carea' id='block_1_3' title="bbox 194 938 1057 5689">
    <p class='ocr_par' dir='ltr' id='par_1_3' title="bbox 194 938 1057 5689">
     <span class='ocr_line' id='line_1_6' title="bbox 262 938 561 1012; baseline -0.01 -16"><span class='ocrx_word' id='word_1_61' title='bbox 262 947 291 998; x_wconf 88' lang='lat' dir='ltr'>te</span> <span class='ocrx_word' id='word_1_62' title='bbox 302 950 413 1012; x_wconf 84' lang='lat' dir='ltr'>repente</span> <span class='ocrx_word' id='word_1_63' title='bbox 427 938 561 996; x_wconf 73' lang='lat' dir='ltr'>mumvit?</span> 
     </span>
     <span class='ocr_line' id='line_1_7' title="bbox 297 1025 1056 1105; baseline -0.008 -15"><span class='ocrx_word' id='word_1_64' title='bbox 297 1035 325 1090; x_wconf 79' lang='grc' dir='ltr'>ι.</span> <span class='ocrx_word' id='word_1_65' title='bbox 341 1035 498 1105; x_wconf 78' lang='lat' dir='ltr'><strong>Quanquam</strong></span> <span class='ocrx_word' id='word_1_66' title='bbox 511 1031 570 1089; x_wconf 73' lang='lat' dir='ltr'>bac</span> <span class='ocrx_word' id='word_1_67' title='bbox 583 1038 636 1088; x_wconf 75' lang='lat' dir='ltr'>tua</span> <span class='ocrx_word' id='word_1_68' title='bbox 647 1030 789 1088; x_wconf 88' lang='lat' dir='ltr'>Sanctitati</span> <span class='ocrx_word' id='word_1_69' title='bbox 800 1029 891 1087; x_wconf 83' lang='lat' dir='ltr'>dioere</span> <span class='ocrx_word' id='word_1_70' title='bbox 902 1027 982 1085; x_wconf 91' lang='lat' dir='ltr'>nimis</span> <span class='ocrx_word' id='word_1_71' title='bbox 1003 1025 1056 1084; x_wconf 89' lang='lat' dir='ltr'>ab·</span> 
     </span>
     <span class='ocr_line' id='line_1_8' title="bbox 261 1117 1055 1194; baseline -0.008 -15"><span class='ocrx_word' id='word_1_72' title='bbox 261 1122 372 1179; x_wconf 89' lang='lat' dir='ltr'>surdum</span> <span class='ocrx_word' id='word_1_73' title='bbox 384 1123 429 1178; x_wconf 89' lang='lat' dir='ltr'>sit.</span> <span class='ocrx_word' id='word_1_74' title='bbox 444 1123 504 1194; x_wconf 91' lang='lat' dir='ltr'>lpse</span> <span class='ocrx_word' id='word_1_75' title='bbox 515 1123 587 1180; x_wconf 88' lang='lat' dir='ltr'>euim</span> <span class='ocrx_word' id='word_1_76' title='bbox 602 1137 656 1178; x_wconf 94' lang='lat' dir='ltr'>non</span> <span class='ocrx_word' id='word_1_77' title='bbox 665 1122 773 1194; x_wconf 89' lang='lat' dir='ltr'>ignoras</span> <span class='ocrx_word' id='word_1_78' title='bbox 781 1135 860 1192; x_wconf 85' lang='lat' dir='ltr'>quam</span> <span class='ocrx_word' id='word_1_79' title='bbox 868 1119 1002 1192; x_wconf 89' lang='lat' dir='ltr'>pessimus</span> <span class='ocrx_word' id='word_1_80' title='bbox 1009 1117 1055 1187; x_wconf 92' lang='lat' dir='ltr'>sit,</span> 
     </span>
     <span class='ocr_line' id='line_1_9' title="bbox 210 1190 1056 1286; baseline -0.002 -19"><span class='ocrx_word' id='word_1_81' title='bbox 210 1190 216 1202; x_wconf 51' lang='lat'>⁶</span> <span class='ocrx_word' id='word_1_82' title='bbox 262 1228 395 1286; x_wconf 89' lang='lat' dir='ltr'>quamque</span> <span class='ocrx_word' id='word_1_83' title='bbox 408 1213 550 1286; x_wconf 85' lang='lat' dir='ltr'>malignus,</span> <span class='ocrx_word' id='word_1_84' title='bbox 565 1215 665 1286; x_wconf 88' lang='lat' dir='ltr'>quique</span> <span class='ocrx_word' id='word_1_85' title='bbox 675 1213 756 1270; x_wconf 90' lang='lat' dir='ltr'>etiam</span> <span class='ocrx_word' id='word_1_86' title='bbox 763 1221 837 1269; x_wconf 88' lang='lat' dir='ltr'>tanta</span> <span class='ocrx_word' id='word_1_87' title='bbox 849 1209 1056 1268; x_wconf 88' lang='lat' dir='ltr'>caDiditatead·</span> 
     </span>
     <span class='ocr_line' id='line_1_10' title="bbox 261 1303 1055 1382; baseline 0.001 -24"><span class='ocrx_word' id='word_1_88' title='bbox 261 1320 357 1361; x_wconf 92' lang='lat' dir='ltr'>versus</span> <span class='ocrx_word' id='word_1_89' title='bbox 371 1306 464 1363; x_wconf 89' lang='lat' dir='ltr'>lidcles</span> <span class='ocrx_word' id='word_1_90' title='bbox 478 1317 506 1362; x_wconf 88' lang='lat' dir='ltr'>et</span> <span class='ocrx_word' id='word_1_91' title='bbox 519 1322 639 1364; x_wconf 90' lang='lat' dir='ltr'>summos</span> <span class='ocrx_word' id='word_1_92' title='bbox 650 1306 723 1382; x_wconf 80' lang='lat' dir='ltr'>viros</span> <span class='ocrx_word' id='word_1_93' title='bbox 736 1304 847 1374; x_wconf 87' lang='lat' dir='ltr'>militat,</span> <span class='ocrx_word' id='word_1_94' title='bbox 862 1313 892 1361; x_wconf 93' lang='lat' dir='ltr'>ut</span> <span class='ocrx_word' id='word_1_95' title='bbox 904 1311 933 1361; x_wconf 91' lang='lat' dir='ltr'>et</span> <span class='ocrx_word' id='word_1_96' title='bbox 945 1303 1055 1360; x_wconf 80' lang='lat' dir='ltr'>Petrum</span> 
     </span>
     <span class='ocr_line' id='line_1_11' title="bbox 261 1397 1056 1468; baseline -0.001 -16"><span class='ocrx_word' id='word_1_97' title='bbox 261 1399 380 1468; x_wconf 76' lang='lat' dir='ltr'>coegerit</span> <span class='ocrx_word' id='word_1_98' title='bbox 402 1398 516 1455; x_wconf 89' lang='lat' dir='ltr'>subuna</span> <span class='ocrx_word' id='word_1_99' title='bbox 537 1398 706 1456; x_wconf 87' lang='lat' dir='ltr'>noctctertio</span> <span class='ocrx_word' id='word_1_100' title='bbox 721 1397 863 1455; x_wconf 90' lang='lat' dir='ltr'>Dominum</span> <span class='ocrx_word' id='word_1_101' title='bbox 888 1411 1005 1467; x_wconf 89' lang='lat' dir='ltr'>negare,</span> <span class='ocrx_word' id='word_1_102' title='bbox 1027 1401 1056 1451; x_wconf 85' lang='grc' dir='ltr'>ιι</span> 
     </span>
     <span class='ocr_line' id='line_1_12' title="bbox 261 1485 1055 1561; baseline -0.005 -16"><span class='ocrx_word' id='word_1_103' title='bbox 261 1487 348 1545; x_wconf 89' lang='lat' dir='ltr'>cidem</span> <span class='ocrx_word' id='word_1_104' title='bbox 370 1490 520 1561; x_wconf 76' lang='lat' dir='ltr'>resurgenti</span> <span class='ocrx_word' id='word_1_105' title='bbox 533 1489 664 1546; x_wconf 84' lang='lat' dir='ltr'>Thomam</span> <span class='ocrx_word' id='word_1_106' title='bbox 688 1503 742 1544; x_wconf 94' lang='lat' dir='ltr'>non</span> <span class='ocrx_word' id='word_1_107' title='bbox 755 1487 908 1558; x_wconf 76' lang='lat' dir='ltr'>permiserit</span> <span class='ocrx_word' id='word_1_108' title='bbox 919 1485 1031 1542; x_wconf 90' lang='lat' dir='ltr'>credere</span> <span class='ocrx_word' id='word_1_109' title='bbox 1046 1502 1055 1541; x_wconf 86' lang='lat' dir='ltr'>t</span> 
     </span>
     <span class='ocr_line' id='line_1_13' title="bbox 262 1576 1054 1650; baseline -0.006 -15"><span class='ocrx_word' id='word_1_110' title='bbox 262 1595 321 1650; x_wconf 74' lang='lat' dir='ltr'>quaa</span> <span class='ocrx_word' id='word_1_111' title='bbox 332 1588 421 1637; x_wconf 90' lang='lat' dir='ltr'>tamen</span> <span class='ocrx_word' id='word_1_112' title='bbox 434 1582 544 1638; x_wconf 87' lang='lat' dir='ltr'>vulnera</span> <span class='ocrx_word' id='word_1_113' title='bbox 556 1591 647 1636; x_wconf 88' lang='lat' dir='ltr'>curata</span> <span class='ocrx_word' id='word_1_114' title='bbox 661 1586 723 1636; x_wconf 92' lang='lat' dir='ltr'>sunt</span> <span class='ocrx_word' id='word_1_115' title='bbox 732 1579 902 1650; x_wconf 74' lang='lat' dir='ltr'>indulgentia</span> <span class='ocrx_word' id='word_1_116' title='bbox 910 1576 1054 1632; x_wconf 91' lang='lat' dir='ltr'>medicina.</span> 
     </span>
     <span class='ocr_line' id='line_1_14' title="bbox 261 1667 1056 1746; baseline -0.009 -17"><span class='ocrx_word' id='word_1_117' title='bbox 261 1671 329 1730; x_wconf 89' lang='lat' dir='ltr'>iliud</span> <span class='ocrx_word' id='word_1_118' title='bbox 343 1689 408 1731; x_wconf 82' lang='lat' dir='ltr'>uero</span> <span class='ocrx_word' id='word_1_119' title='bbox 421 1690 502 1746; x_wconf 90' lang='lat' dir='ltr'>quam</span> <span class='ocrx_word' id='word_1_120' title='bbox 512 1675 637 1731; x_wconf 78' lang='lat' dir='ltr'>audacter</span> <span class='ocrx_word' id='word_1_121' title='bbox 647 1673 757 1728; x_wconf 90' lang='lat' dir='ltr'>molitus</span> <span class='ocrx_word' id='word_1_122' title='bbox 769 1672 813 1738; x_wconf 89' lang='lat' dir='ltr'>sit,</span> <span class='ocrx_word' id='word_1_123' title='bbox 823 1680 852 1726; x_wconf 95' lang='lat' dir='ltr'>ut</span> <span class='ocrx_word' id='word_1_124' title='bbox 860 1669 975 1726; x_wconf 91' lang='lat' dir='ltr'>Domino</span> <span class='ocrx_word' id='word_1_125' title='bbox 986 1667 1056 1738; x_wconf 91' lang='lat' dir='ltr'>opti·</span> 
     </span>
     <span class='ocr_line' id='line_1_15' title="bbox 260 1763 1056 1833; baseline -0.008 -12"><span class='ocrx_word' id='word_1_126' title='bbox 260 1781 335 1821; x_wconf 91' lang='lat' dir='ltr'>mum</span> <span class='ocrx_word' id='word_1_127' title='bbox 350 1781 443 1824; x_wconf 85' lang='lat' dir='ltr'>senten</span> <span class='ocrx_word' id='word_1_128' title='bbox 457 1769 610 1833; x_wconf 83' lang='lat' dir='ltr'>seminanti,</span> <span class='ocrx_word' id='word_1_129' title='bbox 622 1767 667 1822; x_wconf 92' lang='lat' dir='ltr'>ille</span> <span class='ocrx_word' id='word_1_130' title='bbox 677 1765 777 1821; x_wconf 87' lang='lat' dir='ltr'>zizania</span> <span class='ocrx_word' id='word_1_131' title='bbox 790 1763 937 1831; x_wconf 88' lang='lat' dir='ltr'>miscuerit,</span> <span class='ocrx_word' id='word_1_132' title='bbox 946 1767 1056 1817; x_wconf 84' lang='lat' dir='ltr'>ettanto</span> 
     </span>
     <span class='ocr_line' id='line_1_16' title="bbox 261 1853 1056 1932; baseline -0.008 -18"><span class='ocrx_word' id='word_1_133' title='bbox 261 1860 361 1928; x_wconf 89' lang='lat' dir='ltr'>pastori</span> <span class='ocrx_word' id='word_1_134' title='bbox 378 1859 530 1916; x_wconf 77' lang='lat' dir='ltr'>iscariotem</span> <span class='ocrx_word' id='word_1_135' title='bbox 542 1859 677 1932; x_wconf 88' lang='lat' dir='ltr'>rapuerit;</span> <span class='ocrx_word' id='word_1_136' title='bbox 704 1866 732 1914; x_wconf 92' lang='lat' dir='ltr'>et</span> <span class='ocrx_word' id='word_1_137' title='bbox 744 1864 775 1913; x_wconf 88' lang='lat' dir='ltr'>ut</span> <span class='ocrx_word' id='word_1_138' title='bbox 786 1855 820 1913; x_wconf 90' lang='lat' dir='ltr'>ad</span> <span class='ocrx_word' id='word_1_139' title='bbox 833 1856 953 1912; x_wconf 89' lang='lat' dir='ltr'>ultimum</span> <span class='ocrx_word' id='word_1_140' title='bbox 968 1853 1056 1910; x_wconf 89' lang='lat' dir='ltr'>crucis</span> 
     </span>
     <span class='ocr_line' id='line_1_17' title="bbox 260 1946 1055 2023; baseline -0.005 -17"><span class='ocrx_word' id='word_1_141' title='bbox 260 1952 421 2021; x_wconf 89' lang='lat' dir='ltr'>supplicium</span> <span class='ocrx_word' id='word_1_142' title='bbox 445 1954 598 2021; x_wconf 89' lang='lat' dir='ltr'>veniretur,</span> <span class='ocrx_word' id='word_1_143' title='bbox 620 1952 648 2008; x_wconf 92' lang='lat' dir='ltr'>in</span> <span class='ocrx_word' id='word_1_144' title='bbox 675 1951 820 2023; x_wconf 88' lang='lat' dir='ltr'>perniciem</span> <span class='ocrx_word' id='word_1_145' title='bbox 842 1948 926 2019; x_wconf 90' lang='lat' dir='ltr'>ipsius</span> <span class='ocrx_word' id='word_1_146' title='bbox 946 1946 1055 2004; x_wconf 80' lang='lat' dir='ltr'>scribes</span> 
     </span>
     <span class='ocr_line' id='line_1_18' title="bbox 260 2039 1056 2115; baseline -0.004 -17"><span class='ocrx_word' id='word_1_147' title='bbox 260 2041 465 2115; x_wconf 82' lang='lat' dir='ltr'>Pharisaeosque</span> <span class='ocrx_word' id='word_1_148' title='bbox 477 2043 638 2111; x_wconf 89' lang='lat' dir='ltr'>accenderit,</span> <span class='ocrx_word' id='word_1_149' title='bbox 651 2052 681 2099; x_wconf 94' lang='lat' dir='ltr'>ut</span> <span class='ocrx_word' id='word_1_150' title='bbox 694 2041 838 2098; x_wconf 86' lang='lat' dir='ltr'>Barrabam</span> <span class='ocrx_word' id='word_1_151' title='bbox 851 2041 948 2096; x_wconf 90' lang='lat' dir='ltr'>dimitti</span> <span class='ocrx_word' id='word_1_152' title='bbox 957 2039 1056 2096; x_wconf 81' lang='lat' dir='ltr'>darua-</span> 
     </span>
     <span class='ocr_line' id='line_1_19' title="bbox 260 2130 1055 2206; baseline -0.009 -15"><span class='ocrx_word' id='word_1_153' title='bbox 260 2142 376 2201; x_wconf 88' lang='lat' dir='ltr'>rcut,et</span> <span class='ocrx_word' id='word_1_154' title='bbox 400 2134 491 2192; x_wconf 78' lang='lat' dir='ltr'>lesum</span> <span class='ocrx_word' id='word_1_155' title='bbox 512 2135 640 2206; x_wconf 85' lang='lat' dir='ltr'>cruciligi.</span> <span class='ocrx_word' id='word_1_156' title='bbox 656 2133 797 2190; x_wconf 80' lang='lat' dir='ltr'>Evasimus</span> <span class='ocrx_word' id='word_1_157' title='bbox 819 2132 917 2204; x_wconf 91' lang='lat' dir='ltr'>igitur,</span> <span class='ocrx_word' id='word_1_158' title='bbox 930 2131 991 2203; x_wconf 90' lang='lat' dir='ltr'>quia</span> <span class='ocrx_word' id='word_1_159' title='bbox 1000 2130 1055 2201; x_wconf 90' lang='lat' dir='ltr'>spi·</span> 
     </span>
     <span class='ocr_line' id='line_1_20' title="bbox 194 2223 1054 2283; baseline -0.006 -3"><span class='ocrx_word' id='word_1_160' title='bbox 194 2265 199 2274; x_wconf 90' lang='lat'>.</span> <span class='ocrx_word' id='word_1_161' title='bbox 262 2225 384 2283; x_wconf 85' lang='lat' dir='ltr'>ritualeut</span> <span class='ocrx_word' id='word_1_162' title='bbox 393 2227 477 2282; x_wconf 81' lang='lat' dir='ltr'>accorti</span> <span class='ocrx_word' id='word_1_163' title='bbox 488 2241 581 2282; x_wconf 81' lang='lat' dir='ltr'>sumus</span> <span class='ocrx_word' id='word_1_164' title='bbox 595 2225 771 2282; x_wconf 86' lang='lat' dir='ltr'>Salvatorem.</span> <span class='ocrx_word' id='word_1_165' title='bbox 784 2223 852 2280; x_wconf 82' lang='lat' dir='ltr'>Natu</span> <span class='ocrx_word' id='word_1_166' title='bbox 864 2223 936 2280; x_wconf 89' lang='lat' dir='ltr'>illius</span> <span class='ocrx_word' id='word_1_167' title='bbox 951 2229 1054 2277; x_wconf 90' lang='lat' dir='ltr'>tuntum</span> 
     </span>
     <span class='ocr_line' id='line_1_21' title="bbox 260 2314 1054 2389; baseline -0.005 -17"><span class='ocrx_word' id='word_1_168' title='bbox 260 2318 350 2389; x_wconf 85' lang='lat' dir='ltr'>erupit</span> <span class='ocrx_word' id='word_1_169' title='bbox 360 2319 469 2376; x_wconf 89' lang='lat' dir='ltr'>audacia</span> <span class='ocrx_word' id='word_1_170' title='bbox 479 2359 488 2386; x_wconf 98' lang='lat'>,</span> <span class='ocrx_word' id='word_1_171' title='bbox 498 2328 529 2375; x_wconf 92' lang='grc' dir='ltr'>ιιι</span> <span class='ocrx_word' id='word_1_172' title='bbox 544 2320 567 2374; x_wconf 86' lang='grc' dir='ltr'>ιι</span> <span class='ocrx_word' id='word_1_173' title='bbox 580 2327 673 2375; x_wconf 89' lang='lat' dir='ltr'>noster</span> <span class='ocrx_word' id='word_1_174' title='bbox 691 2317 821 2373; x_wconf 86' lang='lat' dir='ltr'>Dominus</span> <span class='ocrx_word' id='word_1_175' title='bbox 841 2315 956 2372; x_wconf 77' lang='lat' dir='ltr'>manalis</span> <span class='ocrx_word' id='word_1_176' title='bbox 966 2314 1054 2381; x_wconf 89' lang='lat' dir='ltr'>leret,</span> 
     </span>
     <span class='ocr_line' id='line_1_22' title="bbox 259 2405 1055 2479; baseline -0.004 -17"><span class='ocrx_word' id='word_1_177' title='bbox 259 2410 348 2465; x_wconf 90' lang='lat' dir='ltr'>omnis</span> <span class='ocrx_word' id='word_1_178' title='bbox 357 2417 447 2465; x_wconf 87' lang='lat' dir='ltr'>nostra</span> <span class='ocrx_word' id='word_1_179' title='bbox 458 2409 552 2466; x_wconf 88' lang='lat' dir='ltr'>luisset</span> <span class='ocrx_word' id='word_1_180' title='bbox 562 2423 625 2479; x_wconf 89' lang='lat' dir='ltr'>spes</span> <span class='ocrx_word' id='word_1_181' title='bbox 637 2415 782 2478; x_wconf 90' lang='lat' dir='ltr'>amputata.</span> <span class='ocrx_word' id='word_1_182' title='bbox 798 2406 834 2463; x_wconf 80' lang='lat' dir='ltr'>lit</span> <span class='ocrx_word' id='word_1_183' title='bbox 846 2414 981 2462; x_wconf 88' lang='lat' dir='ltr'>tamenne</span> <span class='ocrx_word' id='word_1_184' title='bbox 996 2405 1055 2475; x_wconf 89' lang='lat' dir='ltr'>ipso</span> 
     </span>
     <span class='ocr_line' id='line_1_23' title="bbox 260 2494 1055 2571; baseline -0.006 -18"><span class='ocrx_word' id='word_1_185' title='bbox 260 2498 370 2569; x_wconf 88' lang='lat' dir='ltr'>quidem</span> <span class='ocrx_word' id='word_1_186' title='bbox 381 2499 469 2555; x_wconf 93' lang='lat' dir='ltr'>crucis</span> <span class='ocrx_word' id='word_1_187' title='bbox 489 2499 634 2571; x_wconf 91' lang='lat' dir='ltr'>opprobrio</span> <span class='ocrx_word' id='word_1_188' title='bbox 655 2496 741 2570; x_wconf 89' lang='lat' dir='ltr'>potuit</span> <span class='ocrx_word' id='word_1_189' title='bbox 754 2496 844 2554; x_wconf 90' lang='lat' dir='ltr'>satiari</span> <span class='ocrx_word' id='word_1_190' title='bbox 857 2514 865 2552; x_wconf 74' lang='grc' dir='ltr'>ι</span> <span class='ocrx_word' id='word_1_191' title='bbox 879 2495 999 2568; x_wconf 84' lang='lat' dir='ltr'>quinimo</span> <span class='ocrx_word' id='word_1_192' title='bbox 1012 2494 1055 2549; x_wconf 91' lang='lat' dir='ltr'>in-</span> 
     </span>
     <span class='ocr_line' id='line_1_24' title="bbox 261 2589 1055 2664; baseline -0.003 -18"><span class='ocrx_word' id='word_1_193' title='bbox 261 2591 387 2659; x_wconf 87' lang='lat' dir='ltr'>sanicns,</span> <span class='ocrx_word' id='word_1_194' title='bbox 401 2590 464 2649; x_wconf 91' lang='lat' dir='ltr'>irinc</span> <span class='ocrx_word' id='word_1_195' title='bbox 477 2592 565 2664; x_wconf 85' lang='lat' dir='ltr'>coegit</span> <span class='ocrx_word' id='word_1_196' title='bbox 577 2591 662 2664; x_wconf 88' lang='lat' dir='ltr'>spinis</span> <span class='ocrx_word' id='word_1_197' title='bbox 674 2589 813 2657; x_wconf 87' lang='lat' dir='ltr'>coronari,</span> <span class='ocrx_word' id='word_1_198' title='bbox 829 2589 901 2645; x_wconf 92' lang='lat' dir='ltr'>illinc</span> <span class='ocrx_word' id='word_1_199' title='bbox 917 2597 995 2644; x_wconf 90' lang='lat' dir='ltr'>aceto</span> <span class='ocrx_word' id='word_1_200' title='bbox 1006 2601 1055 2658; x_wconf 90' lang='lat' dir='ltr'>po·</span> 
     </span>
     <span class='ocr_line' id='line_1_25' title="bbox 262 2679 1055 2752; baseline -0.003 -15"><span class='ocrx_word' id='word_1_201' title='bbox 262 2683 332 2750; x_wconf 91' lang='lat' dir='ltr'>tari;</span> <span class='ocrx_word' id='word_1_202' title='bbox 345 2680 409 2739; x_wconf 90' lang='lat' dir='ltr'>binc</span> <span class='ocrx_word' id='word_1_203' title='bbox 418 2683 538 2739; x_wconf 64' lang='lat' dir='ltr'>militum*</span> <span class='ocrx_word' id='word_1_204' title='bbox 546 2683 637 2739; x_wconf 89' lang='lat' dir='ltr'>lancea</span> <span class='ocrx_word' id='word_1_205' title='bbox 649 2683 763 2752; x_wconf 91' lang='lat' dir='ltr'>percuti,</span> <span class='ocrx_word' id='word_1_206' title='bbox 772 2681 845 2736; x_wconf 94' lang='lat' dir='ltr'>illinc</span> <span class='ocrx_word' id='word_1_207' title='bbox 856 2679 956 2736; x_wconf 83' lang='lat' dir='ltr'>sinistri</span> <span class='ocrx_word' id='word_1_208' title='bbox 970 2680 1055 2736; x_wconf 89' lang='lat' dir='ltr'>latro-</span> 
     </span>
     <span class='ocr_line' id='line_1_26' title="bbox 260 2772 1054 2849; baseline -0.003 -21"><span class='ocrx_word' id='word_1_209' title='bbox 260 2773 303 2828; x_wconf 91' lang='lat' dir='ltr'>nis</span> <span class='ocrx_word' id='word_1_210' title='bbox 314 2789 362 2830; x_wconf 91' lang='lat' dir='ltr'>ore</span> <span class='ocrx_word' id='word_1_211' title='bbox 373 2774 553 2846; x_wconf 86' lang='lat' dir='ltr'>blaspltenrari</span> <span class='ocrx_word' id='word_1_212' title='bbox 567 2773 673 2849; x_wconf 78' lang='lat' dir='ltr'>(liciti.</span> <span class='ocrx_word' id='word_1_213' title='bbox 687 2790 767 2843; x_wconf 80' lang='lat' dir='ltr'>xxvi,</span> <span class='ocrx_word' id='word_1_214' title='bbox 785 2789 878 2840; x_wconf 85' lang='lat' dir='ltr'>xtvrt;</span> <span class='ocrx_word' id='word_1_215' title='bbox 894 2772 960 2828; x_wconf 79' lang='lat' dir='ltr'>Duc.</span> <span class='ocrx_word' id='word_1_216' title='bbox 979 2787 1054 2841; x_wconf 83' lang='lat' dir='ltr'>xrn,</span> 
     </span>
     <span class='ocr_line' id='line_1_27' title="bbox 260 2863 1057 2938; baseline -0.003 -18"><span class='ocrx_word' id='word_1_217' title='bbox 260 2879 338 2931; x_wconf 81' lang='lat' dir='ltr'>xxtu,</span> <span class='ocrx_word' id='word_1_218' title='bbox 351 2873 375 2920; x_wconf 83' lang='lat' dir='ltr'>ct</span> <span class='ocrx_word' id='word_1_219' title='bbox 386 2863 465 2920; x_wconf 77' lang='lat' dir='ltr'>loun.</span> <span class='ocrx_word' id='word_1_220' title='bbox 476 2867 618 2938; x_wconf 84' lang='lat' dir='ltr'>xvrtt-xx).</span> <span class='ocrx_word' id='word_1_221' title='bbox 632 2868 668 2922; x_wconf 82' lang='lat' dir='ltr'>dt</span> <span class='ocrx_word' id='word_1_222' title='bbox 682 2874 774 2938; x_wconf 87' lang='lat' dir='ltr'>postea</span> <span class='ocrx_word' id='word_1_223' title='bbox 787 2874 890 2920; x_wconf 87' lang='lat' dir='ltr'>tanturn</span> <span class='ocrx_word' id='word_1_224' title='bbox 903 2865 962 2935; x_wconf 87' lang='lat' dir='ltr'>ejus</span> <span class='ocrx_word' id='word_1_225' title='bbox 971 2863 1057 2920; x_wconf 90' lang='lat' dir='ltr'>crevit</span> 
     </span>
     <span class='ocr_line' id='line_1_28' title="bbox 261 2955 1055 3030; baseline -0.001 -17"><span class='ocrx_word' id='word_1_226' title='bbox 261 2956 407 3029; x_wconf 91' lang='lat' dir='ltr'>iniquitas,</span> <span class='ocrx_word' id='word_1_227' title='bbox 422 2967 489 3015; x_wconf 91' lang='lat' dir='ltr'>utet</span> <span class='ocrx_word' id='word_1_228' title='bbox 505 2959 563 3030; x_wconf 90' lang='lat' dir='ltr'>ipso</span> <span class='ocrx_word' id='word_1_229' title='bbox 573 2968 601 3014; x_wconf 92' lang='lat' dir='ltr'>et</span> <span class='ocrx_word' id='word_1_230' title='bbox 613 2959 747 3028; x_wconf 71' lang='lat' dir='ltr'>apostolis</span> <span class='ocrx_word' id='word_1_231' title='bbox 760 2959 818 3029; x_wconf 77' lang='lat' dir='ltr'>eius</span> <span class='ocrx_word' id='word_1_232' title='bbox 832 2957 895 3014; x_wconf 88' lang='lat' dir='ltr'>illuc</span> <span class='ocrx_word' id='word_1_233' title='bbox 907 2955 1055 3013; x_wconf 90' lang='lat' dir='ltr'>ascenden·</span> 
     </span>
     <span class='ocr_line' id='line_1_29' title="bbox 260 3048 1054 3120; baseline 0 -16"><span class='ocrx_word' id='word_1_234' title='bbox 260 3049 333 3105; x_wconf 92' lang='lat' dir='ltr'>tibus</span> <span class='ocrx_word' id='word_1_235' title='bbox 354 3048 475 3105; x_wconf 91' lang='lat' dir='ltr'>diversas</span> <span class='ocrx_word' id='word_1_236' title='bbox 494 3058 668 3120; x_wconf 86' lang='lat' dir='ltr'>componeret</span> <span class='ocrx_word' id='word_1_237' title='bbox 686 3050 864 3120; x_wconf 74' lang='lat' dir='ltr'>questiones,</span> <span class='ocrx_word' id='word_1_238' title='bbox 879 3048 931 3105; x_wconf 89' lang='lat' dir='ltr'>snb</span> <span class='ocrx_word' id='word_1_239' title='bbox 943 3062 1054 3115; x_wconf 91' lang='lat' dir='ltr'>corum,</span> 
     </span>
     <span class='ocr_line' id='line_1_30' title="bbox 260 3138 1054 3212; baseline 0.001 -18"><span class='ocrx_word' id='word_1_240' title='bbox 260 3139 332 3211; x_wconf 94' lang='lat' dir='ltr'>quod</span> <span class='ocrx_word' id='word_1_241' title='bbox 342 3138 419 3212; x_wconf 80' lang='lat' dir='ltr'>peius</span> <span class='ocrx_word' id='word_1_242' title='bbox 431 3151 486 3208; x_wconf 89' lang='lat' dir='ltr'>est,</span> <span class='ocrx_word' id='word_1_243' title='bbox 501 3141 611 3196; x_wconf 90' lang='lat' dir='ltr'>nomine</span> <span class='ocrx_word' id='word_1_244' title='bbox 621 3139 814 3211; x_wconf 89' lang='lat' dir='ltr'>superstitiosis</span> <span class='ocrx_word' id='word_1_245' title='bbox 819 3138 954 3207; x_wconf 91' lang='lat' dir='ltr'>omnibus,</span> <span class='ocrx_word' id='word_1_246' title='bbox 961 3139 987 3195; x_wconf 93' lang='lat' dir='ltr'>id</span> <span class='ocrx_word' id='word_1_247' title='bbox 994 3147 1054 3207; x_wconf 89' lang='lat' dir='ltr'>est,</span> 
     </span>
     <span class='ocr_line' id='line_1_31' title="bbox 261 3230 1055 3304; baseline 0.001 -17"><span class='ocrx_word' id='word_1_248' title='bbox 261 3230 387 3288; x_wconf 81' lang='lat' dir='ltr'>catholici</span> <span class='ocrx_word' id='word_1_249' title='bbox 400 3232 521 3288; x_wconf 82' lang='lat' dir='ltr'>vocabuli</span> <span class='ocrx_word' id='word_1_250' title='bbox 534 3231 657 3290; x_wconf 86' lang='lat' dir='ltr'>dividens</span> <span class='ocrx_word' id='word_1_251' title='bbox 671 3232 837 3304; x_wconf 90' lang='lat' dir='ltr'>dignitatem.</span> <span class='ocrx_word' id='word_1_252' title='bbox 857 3232 958 3290; x_wconf 83' lang='lat' dir='ltr'>Omitto</span> <span class='ocrx_word' id='word_1_253' title='bbox 976 3247 1055 3288; x_wconf 91' lang='lat' dir='ltr'>nam-</span> 
     </span>
     <span class='ocr_line' id='line_1_32' title="bbox 260 3323 1055 3397; baseline 0.003 -19"><span class='ocrx_word' id='word_1_254' title='bbox 260 3330 456 3395; x_wconf 90' lang='lat' dir='ltr'>quequatcnus</span> <span class='ocrx_word' id='word_1_255' title='bbox 479 3339 695 3396; x_wconf 89' lang='lat' dir='ltr'>unumquemque</span> <span class='ocrx_word' id='word_1_256' title='bbox 718 3323 910 3397; x_wconf 88' lang='lat' dir='ltr'>discipulorum</span> <span class='ocrx_word' id='word_1_257' title='bbox 926 3324 1055 3381; x_wconf 86' lang='lat' dir='ltr'>aduersus</span> 
     </span>
     <span class='ocr_line' id='line_1_33' title="bbox 258 3415 1055 3488; baseline 0.004 -19"><span class='ocrx_word' id='word_1_258' title='bbox 258 3418 403 3487; x_wconf 89' lang='lat' dir='ltr'>magistros</span> <span class='ocrx_word' id='word_1_259' title='bbox 414 3417 576 3484; x_wconf 79' lang='lat' dir='ltr'>armaverit,</span> <span class='ocrx_word' id='word_1_260' title='bbox 592 3415 940 3488; x_wconf 74' lang='lat' dir='ltr'>quatenusttpmeuaeum1,</span> <span class='ocrx_word' id='word_1_261' title='bbox 960 3424 1055 3488; x_wconf 90' lang='lat' dir='ltr'>quate·</span> 
     </span>
     <span class='ocr_line' id='line_1_34' title="bbox 258 3507 1055 3582; baseline 0.004 -19"><span class='ocrx_word' id='word_1_262' title='bbox 258 3523 311 3564; x_wconf 91' lang='lat' dir='ltr'>uus</span> <span class='ocrx_word' id='word_1_263' title='bbox 326 3508 506 3566; x_wconf 76' lang='lat' dir='ltr'>Alexandrum</span> <span class='ocrx_word' id='word_1_264' title='bbox 521 3508 657 3580; x_wconf 89' lang='lat' dir='ltr'>deceperit</span> <span class='ocrx_word' id='word_1_265' title='bbox 666 3509 690 3581; x_wconf 91' lang='lat' dir='ltr'>(l</span> <span class='ocrx_word' id='word_1_266' title='bbox 705 3507 774 3564; x_wconf 80' lang='lat' dir='ltr'>Tim.</span> <span class='ocrx_word' id='word_1_267' title='bbox 796 3527 816 3579; x_wconf 88' lang='lat' dir='ltr'>r,</span> <span class='ocrx_word' id='word_1_268' title='bbox 838 3507 897 3582; x_wconf 72' lang='lat'>20),</span> <span class='ocrx_word' id='word_1_269' title='bbox 909 3525 970 3581; x_wconf 79' lang='lat' dir='ltr'>quae</span> <span class='ocrx_word' id='word_1_270' title='bbox 984 3509 1055 3580; x_wconf 90' lang='lat' dir='ltr'>apud</span> 
     </span>
     <span class='ocr_line' id='line_1_35' title="bbox 259 3597 1054 3672; baseline 0.003 -18"><span class='ocrx_word' id='word_1_271' title='bbox 259 3597 446 3666; x_wconf 78' lang='lat' dir='ltr'>Antiochiam,</span> <span class='ocrx_word' id='word_1_272' title='bbox 461 3615 519 3670; x_wconf 75' lang='lat' dir='ltr'>quae</span> <span class='ocrx_word' id='word_1_273' title='bbox 532 3598 602 3670; x_wconf 91' lang='lat' dir='ltr'>apud</span> <span class='ocrx_word' id='word_1_274' title='bbox 614 3599 766 3672; x_wconf 80' lang='lat' dir='ltr'>Smyrnam,</span> <span class='ocrx_word' id='word_1_275' title='bbox 778 3615 838 3671; x_wconf 88' lang='lat' dir='ltr'>quac</span> <span class='ocrx_word' id='word_1_276' title='bbox 851 3600 920 3671; x_wconf 88' lang='lat' dir='ltr'>apud</span> <span class='ocrx_word' id='word_1_277' title='bbox 935 3600 1054 3657; x_wconf 91' lang='lat' dir='ltr'>iconium</span> 
     </span>
     <span class='ocr_line' id='line_1_36' title="bbox 259 3690 1056 3763; baseline -0.001 -16"><span class='ocrx_word' id='word_1_278' title='bbox 259 3690 446 3748; x_wconf 88' lang='lat' dir='ltr'>commiserit:</span> <span class='ocrx_word' id='word_1_279' title='bbox 463 3691 510 3747; x_wconf 90' lang='lat' dir='ltr'>illa</span> <span class='ocrx_word' id='word_1_280' title='bbox 524 3705 596 3748; x_wconf 88' lang='lat' dir='ltr'>nunc</span> <span class='ocrx_word' id='word_1_281' title='bbox 608 3691 677 3747; x_wconf 91' lang='lat' dir='ltr'>addo</span> <span class='ocrx_word' id='word_1_282' title='bbox 688 3707 748 3762; x_wconf 89' lang='lat' dir='ltr'>quae</span> <span class='ocrx_word' id='word_1_283' title='bbox 759 3693 978 3763; x_wconf 78' lang='lat' dir='ltr'>prusensactitat</span> <span class='ocrx_word' id='word_1_284' title='bbox 989 3690 1056 3747; x_wconf 90' lang='lat' dir='ltr'>mul·</span> 
     </span>
     <span class='ocr_line' id='line_1_37' title="bbox 260 3784 1055 3857; baseline 0 -17"><span class='ocrx_word' id='word_1_285' title='bbox 260 3785 363 3853; x_wconf 88' lang='lat' dir='ltr'>titudo,</span> <span class='ocrx_word' id='word_1_286' title='bbox 378 3800 457 3856; x_wconf 90' lang='lat' dir='ltr'>aqua</span> <span class='ocrx_word' id='word_1_287' title='bbox 469 3793 573 3840; x_wconf 76' lang='lat' dir='ltr'>mutum</span> <span class='ocrx_word' id='word_1_288' title='bbox 587 3785 672 3841; x_wconf 79' lang='lat' dir='ltr'>virtus</span> <span class='ocrx_word' id='word_1_289' title='bbox 685 3784 777 3857; x_wconf 92' lang='lat' dir='ltr'>procul</span> <span class='ocrx_word' id='word_1_290' title='bbox 792 3792 848 3853; x_wconf 82' lang='lat' dir='ltr'>est,</span> <span class='ocrx_word' id='word_1_291' title='bbox 861 3793 989 3856; x_wconf 86' lang='lat' dir='ltr'>quantum</span> <span class='ocrx_word' id='word_1_292' title='bbox 1003 3801 1055 3857; x_wconf 93' lang='lat' dir='ltr'>po-</span> 
     </span>
     <span class='ocr_line' id='line_1_38' title="bbox 260 3874 1055 3947; baseline 0.006 -19"><span class='ocrx_word' id='word_1_293' title='bbox 260 3875 324 3945; x_wconf 88' lang='lat' dir='ltr'>pulo</span> <span class='ocrx_word' id='word_1_294' title='bbox 346 3875 436 3930; x_wconf 88' lang='lat' dir='ltr'>clausa</span> <span class='ocrx_word' id='word_1_295' title='bbox 451 3885 501 3931; x_wconf 88' lang='lat' dir='ltr'>cst.</span> <span class='ocrx_word' id='word_1_296' title='bbox 523 3874 578 3931; x_wconf 87' lang='lat' dir='ltr'>Nee</span> <span class='ocrx_word' id='word_1_297' title='bbox 602 3876 673 3931; x_wconf 87' lang='lat' dir='ltr'>enirn</span> <span class='ocrx_word' id='word_1_298' title='bbox 687 3875 772 3932; x_wconf 87' lang='lat' dir='ltr'>virtus</span> <span class='ocrx_word' id='word_1_299' title='bbox 784 3883 826 3931; x_wconf 89' lang='lat' dir='ltr'>est</span> <span class='ocrx_word' id='word_1_300' title='bbox 838 3875 871 3931; x_wconf 90' lang='lat' dir='ltr'>ad</span> <span class='ocrx_word' id='word_1_301' title='bbox 884 3891 963 3947; x_wconf 89' lang='lat' dir='ltr'>quam</span> <span class='ocrx_word' id='word_1_302' title='bbox 978 3876 1055 3934; x_wconf 85' lang='lat' dir='ltr'>turba</span> 
     </span>
     <span class='ocr_line' id='line_1_39' title="bbox 258 3966 1055 4037; baseline 0.006 -16"><span class='ocrx_word' id='word_1_303' title='bbox 258 3966 398 4036; x_wconf 86' lang='lat' dir='ltr'>pervenit,</span> <span class='ocrx_word' id='word_1_304' title='bbox 412 3975 440 4022; x_wconf 91' lang='lat' dir='ltr'>et</span> <span class='ocrx_word' id='word_1_305' title='bbox 456 3967 532 4022; x_wconf 85' lang='lat' dir='ltr'>turba</span> <span class='ocrx_word' id='word_1_306' title='bbox 541 3982 620 4037; x_wconf 93' lang='lat' dir='ltr'>quam</span> <span class='ocrx_word' id='word_1_307' title='bbox 633 3967 749 4023; x_wconf 86' lang='lat' dir='ltr'>maxime</span> <span class='ocrx_word' id='word_1_308' title='bbox 758 3967 927 4024; x_wconf 79' lang='lat' dir='ltr'>seminarum.</span> <span class='ocrx_word' id='word_1_309' title='bbox 941 3968 996 4026; x_wconf 83' lang='lat' dir='ltr'>Sed</span> <span class='ocrx_word' id='word_1_310' title='bbox 1008 3983 1055 4026; x_wconf 87' lang='lat' dir='ltr'>ve-</span> 
     </span>
     <span class='ocr_line' id='line_1_40' title="bbox 258 4055 1054 4128; baseline 0.004 -16"><span class='ocrx_word' id='word_1_311' title='bbox 258 4069 328 4112; x_wconf 43' lang='lat' dir='ltr'>rcor»</span> <span class='ocrx_word' id='word_1_312' title='bbox 343 4055 507 4112; x_wconf 87' lang='lat' dir='ltr'>clandestina</span> <span class='ocrx_word' id='word_1_313' title='bbox 531 4071 625 4112; x_wconf 89' lang='lat' dir='ltr'>corurn</span> <span class='ocrx_word' id='word_1_314' title='bbox 651 4057 805 4128; x_wconf 87' lang='lat' dir='ltr'>publicare,</span> <span class='ocrx_word' id='word_1_315' title='bbox 819 4073 853 4114; x_wconf 92' lang='lat' dir='ltr'>ne</span> <span class='ocrx_word' id='word_1_316' title='bbox 876 4060 910 4116; x_wconf 92' lang='lat' dir='ltr'>ab</span> <span class='ocrx_word' id='word_1_317' title='bbox 930 4059 989 4116; x_wconf 87' lang='lat' dir='ltr'>aliis</span> <span class='ocrx_word' id='word_1_318' title='bbox 1007 4075 1054 4117; x_wconf 90' lang='lat' dir='ltr'>or·</span> 
     </span>
     <span class='ocr_line' id='line_1_41' title="bbox 235 4130 1055 4222; baseline 0.01 -19"><span class='ocrx_word' id='word_1_319' title='bbox 235 4130 238 4138; x_wconf 48' lang='lat'><strong>¹</strong></span> <span class='ocrx_word' id='word_1_320' title='bbox 259 4146 316 4204; x_wconf 91' lang='lat' dir='ltr'>dita</span> <span class='ocrx_word' id='word_1_321' title='bbox 334 4149 446 4205; x_wconf 91' lang='lat' dir='ltr'>crimina</span> <span class='ocrx_word' id='word_1_322' title='bbox 463 4149 644 4220; x_wconf 77' lang='lat' dir='ltr'>geminentur.</span> <span class='ocrx_word' id='word_1_323' title='bbox 667 4148 824 4220; x_wconf 80' lang='lat' dir='ltr'>Quanquam</span> <span class='ocrx_word' id='word_1_324' title='bbox 844 4152 994 4222; x_wconf 89' lang='lat' dir='ltr'>sapientum</span> <span class='ocrx_word' id='word_1_325' title='bbox 1013 4161 1055 4211; x_wconf 89' lang='lat' dir='ltr'>cst</span> 
     </span>
     <span class='ocr_line' id='line_1_42' title="bbox 258 4239 1054 4311; baseline 0.009 -17"><span class='ocrx_word' id='word_1_326' title='bbox 258 4246 403 4311; x_wconf 85' lang='lat' dir='ltr'>utrumque</span> <span class='ocrx_word' id='word_1_327' title='bbox 414 4239 501 4306; x_wconf 91' lang='lat' dir='ltr'>lerre,</span> <span class='ocrx_word' id='word_1_328' title='bbox 513 4247 656 4310; x_wconf 89' lang='lat' dir='ltr'>utrumque</span> <span class='ocrx_word' id='word_1_329' title='bbox 668 4239 771 4307; x_wconf 89' lang='lat' dir='ltr'>ridere;</span> <span class='ocrx_word' id='word_1_330' title='bbox 786 4251 814 4297; x_wconf 92' lang='lat' dir='ltr'>et</span> <span class='ocrx_word' id='word_1_331' title='bbox 827 4241 861 4298; x_wconf 86' lang='lat' dir='ltr'>ad</span> <span class='ocrx_word' id='word_1_332' title='bbox 872 4243 938 4299; x_wconf 92' lang='lat' dir='ltr'>iilud</span> <span class='ocrx_word' id='word_1_333' title='bbox 951 4251 1054 4301; x_wconf 78' lang='lat' dir='ltr'>mutum</span> 
     </span>
     <span class='ocr_line' id='line_1_43' title="bbox 259 4329 1054 4406; baseline 0.009 -20"><span class='ocrx_word' id='word_1_334' title='bbox 259 4331 328 4398; x_wconf 89' lang='lat' dir='ltr'>niti,</span> <span class='ocrx_word' id='word_1_335' title='bbox 342 4329 412 4402; x_wconf 89' lang='lat' dir='ltr'>quod</span> <span class='ocrx_word' id='word_1_336' title='bbox 426 4329 617 4387; x_wconf 90' lang='lat' dir='ltr'>beatitudinem</span> <span class='ocrx_word' id='word_1_337' title='bbox 641 4331 779 4400; x_wconf 90' lang='lat' dir='ltr'>conciliat,</span> <span class='ocrx_word' id='word_1_338' title='bbox 794 4332 866 4404; x_wconf 91' lang='lat' dir='ltr'>quod</span> <span class='ocrx_word' id='word_1_339' title='bbox 886 4336 999 4406; x_wconf 90' lang='lat' dir='ltr'>parturit</span> <span class='ocrx_word' id='word_1_340' title='bbox 1012 4336 1054 4393; x_wconf 87' lang='lat' dir='ltr'>vi-</span> 
     </span>
     <span class='ocr_line' id='line_1_44' title="bbox 258 4429 325 4476; baseline -0.015 0"><span class='ocrx_word' id='word_1_341' title='bbox 258 4429 325 4476; x_wconf 80' lang='lat' dir='ltr'>lum.</span> 
     </span>
     <span class='ocr_line' id='line_1_45' title="bbox 242 4511 1053 4592; baseline 0.01 -22"><span class='ocrx_word' id='word_1_342' title='bbox 242 4515 252 4539; x_wconf 75' lang='lat'><strong><em>¹</em></strong></span> <span class='ocrx_word' id='word_1_343' title='bbox 293 4513 322 4570; x_wconf 80' lang='grc'>5.</span> <span class='ocrx_word' id='word_1_344' title='bbox 342 4511 478 4570; x_wconf 81' lang='lat' dir='ltr'>Ettamen</span> <span class='ocrx_word' id='word_1_345' title='bbox 499 4513 594 4570; x_wconf 89' lang='lat' dir='ltr'>iterum</span> <span class='ocrx_word' id='word_1_346' title='bbox 608 4522 689 4586; x_wconf 89' lang='lat' dir='ltr'>atque</span> <span class='ocrx_word' id='word_1_347' title='bbox 709 4515 807 4572; x_wconf 85' lang='lat' dir='ltr'>iterum</span> <span class='ocrx_word' id='word_1_348' title='bbox 822 4519 936 4590; x_wconf 82' lang='lat' dir='ltr'>supplex</span> <span class='ocrx_word' id='word_1_349' title='bbox 957 4519 1053 4592; x_wconf 89' lang='lat' dir='ltr'>deprc-</span> 
     </span>
     <span class='ocr_line' id='line_1_46' title="bbox 257 4605 1053 4684; baseline 0.014 -26"><span class='ocrx_word' id='word_1_350' title='bbox 257 4615 315 4670; x_wconf 89' lang='lat' dir='ltr'>cor,</span> <span class='ocrx_word' id='word_1_351' title='bbox 330 4617 378 4658; x_wconf 92' lang='lat' dir='ltr'>oro</span> <span class='ocrx_word' id='word_1_352' title='bbox 392 4605 472 4659; x_wconf 90' lang='lat' dir='ltr'>etiam</span> <span class='ocrx_word' id='word_1_353' title='bbox 486 4612 566 4676; x_wconf 89' lang='lat' dir='ltr'>atque</span> <span class='ocrx_word' id='word_1_354' title='bbox 577 4605 657 4662; x_wconf 90' lang='lat' dir='ltr'>etiarn</span> <span class='ocrx_word' id='word_1_355' title='bbox 676 4607 799 4677; x_wconf 91' lang='lat' dir='ltr'>obsecro,</span> <span class='ocrx_word' id='word_1_356' title='bbox 812 4611 928 4682; x_wconf 89' lang='lat' dir='ltr'>primum</span> <span class='ocrx_word' id='word_1_357' title='bbox 944 4612 1053 4684; x_wconf 87' lang='lat' dir='ltr'>quidem</span> 
     </span>
     <span class='ocr_line' id='line_1_47' title="bbox 259 4696 1052 4772; baseline 0.015 -23"><span class='ocrx_word' id='word_1_358' title='bbox 259 4697 363 4752; x_wconf 87' lang='lat' dir='ltr'>veniam</span> <span class='ocrx_word' id='word_1_359' title='bbox 378 4696 469 4767; x_wconf 89' lang='lat' dir='ltr'>largiri</span> <span class='ocrx_word' id='word_1_360' title='bbox 488 4697 616 4769; x_wconf 90' lang='lat' dir='ltr'>digneris,</span> <span class='ocrx_word' id='word_1_361' title='bbox 638 4699 661 4756; x_wconf 93' lang='lat' dir='ltr'>si</span> <span class='ocrx_word' id='word_1_362' title='bbox 675 4715 728 4772; x_wconf 92' lang='lat' dir='ltr'>quo</span> <span class='ocrx_word' id='word_1_363' title='bbox 741 4715 866 4760; x_wconf 87' lang='lat' dir='ltr'>sermone</span> <span class='ocrx_word' id='word_1_364' title='bbox 879 4703 959 4761; x_wconf 89' lang='lat' dir='ltr'>luerit</span> <span class='ocrx_word' id='word_1_365' title='bbox 978 4713 1052 4762; x_wconf 91' lang='lat' dir='ltr'>tuum</span> 
     </span>
     <span class='ocr_line' id='line_1_48' title="bbox 255 4787 1053 4859; baseline 0.013 -17"><span class='ocrx_word' id='word_1_366' title='bbox 255 4787 391 4844; x_wconf 90' lang='lat' dir='ltr'>titillatum</span> <span class='ocrx_word' id='word_1_367' title='bbox 414 4801 525 4844; x_wconf 77' lang='lat' dir='ltr'>numum</span> <span class='ocrx_word' id='word_1_368' title='bbox 548 4796 642 4859; x_wconf 91' lang='lat' dir='ltr'>pectus</span> <span class='ocrx_word' id='word_1_369' title='bbox 656 4808 663 4845; x_wconf 79' lang='grc' dir='ltr'>ι</span> <span class='ocrx_word' id='word_1_370' title='bbox 678 4791 776 4849; x_wconf 91' lang='lat' dir='ltr'>ardore</span> <span class='ocrx_word' id='word_1_371' title='bbox 798 4793 870 4850; x_wconf 88' lang='lat' dir='ltr'>euim</span> <span class='ocrx_word' id='word_1_372' title='bbox 893 4793 945 4851; x_wconf 90' lang='lat' dir='ltr'>boc</span> <span class='ocrx_word' id='word_1_373' title='bbox 969 4795 1053 4852; x_wconf 91' lang='lat' dir='ltr'>nimio</span> 
     </span>
     <span class='ocr_line' id='line_1_49' title="bbox 256 4874 1052 4955; baseline 0.015 -23"><span class='ocrx_word' id='word_1_374' title='bbox 256 4877 320 4947; x_wconf 86' lang='lat' dir='ltr'>leci,</span> <span class='ocrx_word' id='word_1_375' title='bbox 336 4879 397 4951; x_wconf 89' lang='lat' dir='ltr'>quia</span> <span class='ocrx_word' id='word_1_376' title='bbox 409 4879 473 4936; x_wconf 90' lang='lat' dir='ltr'>uolo</span> <span class='ocrx_word' id='word_1_377' title='bbox 486 4888 539 4936; x_wconf 92' lang='lat' dir='ltr'>tea</span> <span class='ocrx_word' id='word_1_378' title='bbox 555 4874 647 4938; x_wconf 90' lang='lat' dir='ltr'>nostro</span> <span class='ocrx_word' id='word_1_379' title='bbox 659 4896 742 4953; x_wconf 87' lang='lat' dir='ltr'>grege</span> <span class='ocrx_word' id='word_1_380' title='bbox 752 4882 852 4951; x_wconf 90' lang='lat' dir='ltr'>divelli,</span> <span class='ocrx_word' id='word_1_381' title='bbox 869 4898 885 4938; x_wconf 90' lang='lat' dir='ltr'>a</span> <span class='ocrx_word' id='word_1_382' title='bbox 904 4899 959 4955; x_wconf 94' lang='lat' dir='ltr'>quo</span> <span class='ocrx_word' id='word_1_383' title='bbox 970 4887 1052 4944; x_wconf 87' lang='lat' dir='ltr'>etiaut</span> 
     </span>
     <span class='ocr_line' id='line_1_50' title="bbox 255 4971 1052 5044; baseline 0.014 -18"><span class='ocrx_word' id='word_1_384' title='bbox 255 4985 306 5042; x_wconf 89' lang='lat' dir='ltr'>ego</span> <span class='ocrx_word' id='word_1_385' title='bbox 328 4972 391 5042; x_wconf 88' lang='lat' dir='ltr'>ipse&#39;</span> <span class='ocrx_word' id='word_1_386' title='bbox 409 4971 538 5028; x_wconf 90' lang='lat' dir='ltr'>aberrans</span> <span class='ocrx_word' id='word_1_387' title='bbox 558 4987 627 5043; x_wconf 89' lang='lat' dir='ltr'>pene</span> <span class='ocrx_word' id='word_1_388' title='bbox 648 4973 791 5044; x_wconf 91' lang='lat' dir='ltr'>perieram,</span> <span class='ocrx_word' id='word_1_389' title='bbox 815 4974 867 5031; x_wconf 89' lang='lat' dir='ltr'>nisi</span> <span class='ocrx_word' id='word_1_390' title='bbox 880 4975 935 5033; x_wconf 89' lang='lat' dir='ltr'>cito</span> <span class='ocrx_word' id='word_1_391' title='bbox 958 4992 1003 5036; x_wconf 89' lang='lat' dir='ltr'>mc</span> <span class='ocrx_word' id='word_1_392' title='bbox 1017 4977 1052 5038; x_wconf 84' lang='lat' dir='ltr'>ds</span> 
     </span>
     <span class='ocr_line' id='line_1_51' title="bbox 256 5063 1052 5137; baseline 0.014 -20"><span class='ocrx_word' id='word_1_393' title='bbox 256 5063 348 5133; x_wconf 87' lang='lat' dir='ltr'>iniqua</span> <span class='ocrx_word' id='word_1_394' title='bbox 362 5064 557 5120; x_wconf 88' lang='lat' dir='ltr'>communionis</span> <span class='ocrx_word' id='word_1_395' title='bbox 571 5064 690 5121; x_wconf 88' lang='lat' dir='ltr'>tulissem</span> <span class='ocrx_word' id='word_1_396' title='bbox 705 5075 809 5122; x_wconf 87' lang='lat' dir='ltr'>natura.</span> <span class='ocrx_word' id='word_1_397' title='bbox 823 5067 935 5137; x_wconf 87' lang='lat' dir='ltr'>Deinde,</span> <span class='ocrx_word' id='word_1_398' title='bbox 946 5079 976 5125; x_wconf 97' lang='lat' dir='ltr'>ut</span> <span class='ocrx_word' id='word_1_399' title='bbox 986 5085 1052 5128; x_wconf 91' lang='lat' dir='ltr'>con·</span> 
     </span>
     <span class='ocr_line' id='line_1_52' title="bbox 258 5153 1049 5233; baseline 0.01 -24"><span class='ocrx_word' id='word_1_400' title='bbox 258 5153 335 5210; x_wconf 91' lang='lat' dir='ltr'>cilies</span> <span class='ocrx_word' id='word_1_401' title='bbox 346 5165 372 5212; x_wconf 93' lang='lat' dir='ltr'>te</span> <span class='ocrx_word' id='word_1_402' title='bbox 383 5156 432 5224; x_wconf 91' lang='lat' dir='ltr'>illi,</span> <span class='ocrx_word' id='word_1_403' title='bbox 444 5171 504 5227; x_wconf 86' lang='lat' dir='ltr'>quac</span> <span class='ocrx_word' id='word_1_404' title='bbox 516 5156 544 5211; x_wconf 93' lang='lat' dir='ltr'>in</span> <span class='ocrx_word' id='word_1_405' title='bbox 555 5163 583 5212; x_wconf 90' lang='grc' dir='ltr'>ιι</span> <span class='ocrx_word' id='word_1_406' title='bbox 594 5155 661 5213; x_wconf 89' lang='lat' dir='ltr'>nihil</span> <span class='ocrx_word' id='word_1_407' title='bbox 673 5155 785 5229; x_wconf 87' lang='lat' dir='ltr'>deliquit</span> <span class='ocrx_word' id='word_1_408' title='bbox 796 5157 908 5216; x_wconf 85' lang='lat' dir='ltr'>:redeas</span> <span class='ocrx_word' id='word_1_409' title='bbox 921 5161 954 5216; x_wconf 90' lang='lat' dir='ltr'>ad</span> <span class='ocrx_word' id='word_1_410' title='bbox 966 5162 1049 5233; x_wconf 89' lang='lat' dir='ltr'>iilam,</span> 
     </span>
     <span class='ocr_line' id='line_1_53' title="bbox 255 5246 1049 5321; baseline 0.016 -22"><span class='ocrx_word' id='word_1_411' title='bbox 255 5260 315 5316; x_wconf 83' lang='lat' dir='ltr'>qum</span> <span class='ocrx_word' id='word_1_412' title='bbox 328 5246 374 5302; x_wconf 89' lang='lat' dir='ltr'>tibi</span> <span class='ocrx_word' id='word_1_413' title='bbox 388 5256 415 5304; x_wconf 90' lang='lat' dir='ltr'>ot</span> <span class='ocrx_word' id='word_1_414' title='bbox 429 5248 455 5303; x_wconf 93' lang='lat' dir='ltr'>in</span> <span class='ocrx_word' id='word_1_415' title='bbox 467 5247 572 5305; x_wconf 90' lang='lat' dir='ltr'>dierum</span> <span class='ocrx_word' id='word_1_416' title='bbox 593 5250 698 5321; x_wconf 88' lang='lat' dir='ltr'>culpam</span> <span class='ocrx_word' id='word_1_417' title='bbox 710 5252 733 5318; x_wconf 87' lang='lat'>¹,</span> <span class='ocrx_word' id='word_1_418' title='bbox 748 5265 802 5307; x_wconf 93' lang='lat' dir='ltr'>non</span> <span class='ocrx_word' id='word_1_419' title='bbox 815 5253 867 5308; x_wconf 89' lang='lat' dir='ltr'>crit</span> <span class='ocrx_word' id='word_1_420' title='bbox 878 5268 1049 5314; x_wconf 87' lang='lat' dir='ltr'>succensura.</span> 
     </span>
     <span class='ocr_line' id='line_1_54' title="bbox 254 5334 1051 5416; baseline 0.015 -26"><span class='ocrx_word' id='word_1_421' title='bbox 254 5334 310 5390; x_wconf 87' lang='lat' dir='ltr'>Nec</span> <span class='ocrx_word' id='word_1_422' title='bbox 328 5337 400 5392; x_wconf 88' lang='lat' dir='ltr'>enim</span> <span class='ocrx_word' id='word_1_423' title='bbox 414 5341 514 5408; x_wconf 85' lang='lat' dir='ltr'>septies</span> <span class='ocrx_word' id='word_1_424' title='bbox 526 5348 629 5396; x_wconf 86' lang='lat' dir='ltr'>tantum</span> <span class='ocrx_word' id='word_1_425' title='bbox 650 5340 725 5397; x_wconf 90' lang='lat' dir='ltr'>novit</span> <span class='ocrx_word' id='word_1_426' title='bbox 743 5342 883 5414; x_wconf 76' lang='lat' dir='ltr'>ignoscere</span> <span class='ocrx_word' id='word_1_427' title='bbox 903 5362 911 5400; x_wconf 77' lang='grc' dir='ltr'><strong><em>ε</em></strong></span> <span class='ocrx_word' id='word_1_428' title='bbox 931 5346 1051 5416; x_wconf 90' lang='lat' dir='ltr'>quinimo</span> 
     </span>
     <span class='ocr_line' id='line_1_55' title="bbox 255 5426 1051 5509; baseline 0.02 -29"><span class='ocrx_word' id='word_1_429' title='bbox 255 5426 336 5482; x_wconf 87' lang='lat' dir='ltr'>lrabot</span> <span class='ocrx_word' id='word_1_430' title='bbox 346 5435 374 5483; x_wconf 93' lang='lat' dir='ltr'>et</span> <span class='ocrx_word' id='word_1_431' title='bbox 384 5427 482 5499; x_wconf 92' lang='lat' dir='ltr'>ligandi</span> <span class='ocrx_word' id='word_1_432' title='bbox 492 5438 519 5487; x_wconf 90' lang='lat' dir='ltr'>ct</span> <span class='ocrx_word' id='word_1_433' title='bbox 529 5432 649 5489; x_wconf 88' lang='lat' dir='ltr'>solvendi</span> <span class='ocrx_word' id='word_1_434' title='bbox 659 5441 829 5505; x_wconf 88' lang='lat' dir='ltr'>potestatem.</span> <span class='ocrx_word' id='word_1_435' title='bbox 846 5435 905 5492; x_wconf 89' lang='lat' dir='ltr'>Noli</span> <span class='ocrx_word' id='word_1_436' title='bbox 916 5438 1051 5509; x_wconf 81' lang='lat' dir='ltr'>tebngero</span> 
     </span>
     <span class='ocr_line' id='line_1_56' title="bbox 253 5517 1051 5604; baseline 0.021 -33"><span class='ocrx_word' id='word_1_437' title='bbox 253 5517 374 5590; x_wconf 82' lang='lat' dir='ltr'>palpare,</span> <span class='ocrx_word' id='word_1_438' title='bbox 389 5521 433 5591; x_wconf 89' lang='lat' dir='ltr'>qui</span> <span class='ocrx_word' id='word_1_439' title='bbox 453 5521 554 5580; x_wconf 90' lang='lat' dir='ltr'>dudum</span> <span class='ocrx_word' id='word_1_440' title='bbox 575 5525 666 5582; x_wconf 87' lang='lat' dir='ltr'>vidisti</span> <span class='ocrx_word' id='word_1_441' title='bbox 683 5544 689 5580; x_wconf 80' lang='grc' dir='ltr'>ι</span> <span class='ocrx_word' id='word_1_442' title='bbox 705 5527 760 5582; x_wconf 93' lang='lat' dir='ltr'>noli</span> <span class='ocrx_word' id='word_1_443' title='bbox 781 5527 851 5585; x_wconf 90' lang='lat' dir='ltr'>velle</span> <span class='ocrx_word' id='word_1_444' title='bbox 873 5527 988 5595; x_wconf 89' lang='lat' dir='ltr'>discere,</span> <span class='ocrx_word' id='word_1_445' title='bbox 1004 5531 1051 5604; x_wconf 90' lang='lat' dir='ltr'>qui</span> 
     </span>
     <span class='ocr_line' id='line_1_57' title="bbox 253 5609 1051 5689; baseline 0.016 -25"><span class='ocrx_word' id='word_1_446' title='bbox 253 5617 333 5679; x_wconf 90' lang='lat' dir='ltr'>potos</span> <span class='ocrx_word' id='word_1_447' title='bbox 343 5609 451 5666; x_wconf 89' lang='lat' dir='ltr'>docere.</span> <span class='ocrx_word' id='word_1_448' title='bbox 471 5612 579 5672; x_wconf 83' lang='lat' dir='ltr'>Dimitte</span> <span class='ocrx_word' id='word_1_449' title='bbox 592 5616 729 5673; x_wconf 89' lang='lat' dir='ltr'>bominum</span> <span class='ocrx_word' id='word_1_450' title='bbox 742 5618 865 5689; x_wconf 88' lang='lat' dir='ltr'>gloriam,</span> <span class='ocrx_word' id='word_1_451' title='bbox 881 5619 905 5676; x_wconf 87' lang='lat' dir='ltr'>si</span> <span class='ocrx_word' id='word_1_452' title='bbox 917 5621 957 5676; x_wconf 90' lang='lat' dir='ltr'>vis</span> <span class='ocrx_word' id='word_1_453' title='bbox 969 5619 1051 5677; x_wconf 60' lang='lat' dir='ltr'>ciris</span> 
     </span>
    </p>
   </div>
   <div class='ocr_carea' id='block_1_4' title="bbox 254 5750 1051 5950">
    <p class='ocr_par' dir='ltr' id='par_1_4' title="bbox 254 5750 1051 5950">
     <span class='ocr_line' id='line_1_58' title="bbox 286 5750 1049 5825; baseline 0.017 -27"><span class='ocrx_word' id='word_1_454' title='bbox 286 5750 855 5822; x_wconf 74' lang='lat' dir='ltr'>¹carnoteusisoodcx,looo‚ttgmenemn,babot</span> <span class='ocrx_word' id='word_1_455' title='bbox 869 5767 1049 5825; x_wconf 73' lang='lat' dir='ltr'>ummgctcm.</span> 
     </span>
     <span class='ocr_line' id='line_1_59' title="bbox 286 5795 1051 5886; baseline 0.022 -25"><span class='ocrx_word' id='word_1_456' title='bbox 286 5813 298 5843; x_wconf 86' lang='lat'><strong>¹</strong></span> <span class='ocrx_word' id='word_1_457' title='bbox 314 5812 379 5862; x_wconf 87' lang='lat' dir='ltr'>tdern</span> <span class='ocrx_word' id='word_1_458' title='bbox 388 5813 467 5864; x_wconf 78' lang='lat' dir='ltr'>codex</span> <span class='ocrx_word' id='word_1_459' title='bbox 476 5818 636 5880; x_wconf 69' lang='lat' dir='ltr'>carnotensis,</span> <span class='ocrx_word' id='word_1_460' title='bbox 649 5832 705 5885; x_wconf 81' lang='lat' dir='ltr'>qutc</span> <span class='ocrx_word' id='word_1_461' title='bbox 714 5818 757 5871; x_wconf 85' lang='lat' dir='ltr'>tibi</span> <span class='ocrx_word' id='word_1_462' title='bbox 775 5821 797 5872; x_wconf 84' lang='lat' dir='ltr'>si</span> <span class='ocrx_word' id='word_1_463' title='bbox 819 5795 923 5874; x_wconf 75' lang='lat' dir='ltr'>rediero</span> <span class='ocrx_word' id='word_1_464' title='bbox 934 5855 943 5886; x_wconf 83' lang='lat'>,</span> <span class='ocrx_word' id='word_1_465' title='bbox 953 5822 1051 5885; x_wconf 75' lang='lat' dir='ltr'>otim</span> 
     </span>
     <span class='ocr_line' id='line_1_60' title="bbox 254 5881 912 5950; baseline 0.015 -24"><span class='ocrx_word' id='word_1_466' title='bbox 254 5882 355 5928; x_wconf 79' lang='grc' dir='ltr'>ιιιιιιιιι</span> <span class='ocrx_word' id='word_1_467' title='bbox 365 5887 519 5930; x_wconf 75' lang='lat' dir='ltr'>mosomus.</span> <span class='ocrx_word' id='word_1_468' title='bbox 534 5885 605 5934; x_wconf 79' lang='lat' dir='ltr'>torte</span> <span class='ocrx_word' id='word_1_469' title='bbox 617 5881 757 5947; x_wconf 86' lang='lat' dir='ltr'>legendum,</span> <span class='ocrx_word' id='word_1_470' title='bbox 767 5881 796 5935; x_wconf 86' lang='lat' dir='ltr'>ob</span> <span class='ocrx_word' id='word_1_471' title='bbox 809 5881 912 5950; x_wconf 76' lang='lat' dir='ltr'>culpmm</span> 
     </span>
    </p>
   </div>
   <div class='ocr_carea' id='block_1_5' title="bbox 1103 929 1900 5328">
    <p class='ocr_par' dir='ltr' id='par_1_5' title="bbox 1107 929 1895 1812">
     <span class='ocr_line' id='line_1_61' title="bbox 1109 929 1894 1012; baseline 0.02 -27"><span class='ocrx_word' id='word_1_472' title='bbox 1109 944 1149 1000; x_wconf 91' lang='grc' dir='ltr'>ιιι,</span> <span class='ocrx_word' id='word_1_473' title='bbox 1164 929 1203 1004; x_wconf 89' lang='lat'>8).</span> <span class='ocrx_word' id='word_1_474' title='bbox 1219 930 1336 990; x_wconf 86' lang='lat' dir='ltr'>Subvcni</span> <span class='ocrx_word' id='word_1_475' title='bbox 1350 935 1446 991; x_wconf 79' lang='lat' dir='ltr'>animat</span> <span class='ocrx_word' id='word_1_476' title='bbox 1460 943 1512 991; x_wconf 82' lang='lat' dir='ltr'>tum</span> <span class='ocrx_word' id='word_1_477' title='bbox 1525 943 1578 992; x_wconf 90' lang='lat' dir='ltr'>lam</span> <span class='ocrx_word' id='word_1_478' title='bbox 1591 935 1687 993; x_wconf 76' lang='lat' dir='ltr'>lucidae</span> <span class='ocrx_word' id='word_1_479' title='bbox 1701 955 1708 992; x_wconf 87' lang='grc' dir='ltr'>ι</span> <span class='ocrx_word' id='word_1_480' title='bbox 1721 938 1781 1010; x_wconf 91' lang='lat' dir='ltr'>quia</span> <span class='ocrx_word' id='word_1_481' title='bbox 1794 939 1894 1012; x_wconf 85' lang='lat' dir='ltr'>ignoras</span> 
     </span>
     <span class='ocr_line' id='line_1_62' title="bbox 1109 1021 1891 1094; baseline 0.019 -16"><span class='ocrx_word' id='word_1_482' title='bbox 1109 1021 1181 1094; x_wconf 91' lang='lat' dir='ltr'>quali</span> <span class='ocrx_word' id='word_1_483' title='bbox 1202 1026 1238 1080; x_wconf 93' lang='lat' dir='ltr'>sit</span> <span class='ocrx_word' id='word_1_484' title='bbox 1251 1024 1368 1084; x_wconf 88' lang='lat' dir='ltr'>iurlrora</span> <span class='ocrx_word' id='word_1_485' title='bbox 1388 1035 1529 1086; x_wconf 88' lang='lat' dir='ltr'>venturus.</span> <span class='ocrx_word' id='word_1_486' title='bbox 1558 1027 1618 1086; x_wconf 87' lang='lat' dir='ltr'>Noli</span> <span class='ocrx_word' id='word_1_487' title='bbox 1640 1044 1737 1089; x_wconf 89' lang='lat' dir='ltr'>ornare</span> <span class='ocrx_word' id='word_1_488' title='bbox 1758 1043 1891 1093; x_wconf 87' lang='lat' dir='ltr'>mortuos:</span> 
     </span>
     <span class='ocr_line' id='line_1_63' title="bbox 1109 1116 1893 1186; baseline 0.018 -16"><span class='ocrx_word' id='word_1_489' title='bbox 1109 1116 1170 1186; x_wconf 91' lang='lat' dir='ltr'>quia</span> <span class='ocrx_word' id='word_1_490' title='bbox 1185 1117 1305 1174; x_wconf 91' lang='lat' dir='ltr'>vivorum</span> <span class='ocrx_word' id='word_1_491' title='bbox 1323 1135 1353 1176; x_wconf 90' lang='lat' dir='ltr'>es</span> <span class='ocrx_word' id='word_1_492' title='bbox 1366 1130 1565 1178; x_wconf 88' lang='lat' dir='ltr'>ornamentum.</span> <span class='ocrx_word' id='word_1_493' title='bbox 1580 1121 1641 1178; x_wconf 84' lang='lat' dir='ltr'>Noli</span> <span class='ocrx_word' id='word_1_494' title='bbox 1661 1138 1753 1180; x_wconf 88' lang='lat' dir='ltr'>comes</span> <span class='ocrx_word' id='word_1_495' title='bbox 1774 1131 1833 1182; x_wconf 85' lang='lat' dir='ltr'>esse</span> <span class='ocrx_word' id='word_1_496' title='bbox 1852 1125 1893 1184; x_wconf 91' lang='lat' dir='ltr'>lati</span> 
     </span>
     <span class='ocr_line' id='line_1_64' title="bbox 1109 1207 1893 1286; baseline 0.015 -24"><span class='ocrx_word' id='word_1_497' title='bbox 1109 1207 1222 1278; x_wconf 89' lang='lat' dir='ltr'>itineris,</span> <span class='ocrx_word' id='word_1_498' title='bbox 1235 1211 1297 1281; x_wconf 89' lang='lat' dir='ltr'>qnia</span> <span class='ocrx_word' id='word_1_499' title='bbox 1316 1212 1503 1269; x_wconf 80' lang='lat' dir='ltr'>amorrhaeum</span> <span class='ocrx_word' id='word_1_500' title='bbox 1516 1221 1654 1286; x_wconf 83' lang='lat' dir='ltr'>exspectat</span> <span class='ocrx_word' id='word_1_501' title='bbox 1670 1231 1677 1271; x_wconf 80' lang='grc' dir='ltr'>ι</span> <span class='ocrx_word' id='word_1_502' title='bbox 1693 1213 1740 1272; x_wconf 88' lang='grc' dir='ltr'>ιιι</span> <span class='ocrx_word' id='word_1_503' title='bbox 1753 1214 1787 1273; x_wconf 88' lang='lat' dir='ltr'>ad</span> <span class='ocrx_word' id='word_1_504' title='bbox 1799 1227 1893 1275; x_wconf 87' lang='lat' dir='ltr'>arctam</span> 
     </span>
     <span class='ocr_line' id='line_1_65' title="bbox 1107 1296 1892 1379; baseline 0.018 -27"><span class='ocrx_word' id='word_1_505' title='bbox 1107 1296 1205 1356; x_wconf 90' lang='lat' dir='ltr'>lestina</span> <span class='ocrx_word' id='word_1_506' title='bbox 1217 1299 1300 1367; x_wconf 84' lang='lat' dir='ltr'>viana,</span> <span class='ocrx_word' id='word_1_507' title='bbox 1314 1309 1343 1357; x_wconf 90' lang='lat' dir='ltr'>ut</span> <span class='ocrx_word' id='word_1_508' title='bbox 1361 1304 1534 1375; x_wconf 87' lang='lat' dir='ltr'>consequaris</span> <span class='ocrx_word' id='word_1_509' title='bbox 1546 1305 1627 1361; x_wconf 89' lang='lat' dir='ltr'>vitam</span> <span class='ocrx_word' id='word_1_510' title='bbox 1640 1311 1778 1379; x_wconf 85' lang='lat' dir='ltr'>aeternam.</span> <span class='ocrx_word' id='word_1_511' title='bbox 1793 1306 1892 1378; x_wconf 91' lang='lat' dir='ltr'>Desine,</span> 
     </span>
     <span class='ocr_line' id='line_1_66' title="bbox 1109 1392 1894 1468; baseline 0.014 -23"><span class='ocrx_word' id='word_1_512' title='bbox 1109 1405 1210 1461; x_wconf 85' lang='lat' dir='ltr'>quaeso,</span> <span class='ocrx_word' id='word_1_513' title='bbox 1232 1400 1308 1448; x_wconf 88' lang='lat' dir='ltr'>utero</span> <span class='ocrx_word' id='word_1_514' title='bbox 1331 1392 1457 1451; x_wconf 89' lang='lat' dir='ltr'>claudere</span> <span class='ocrx_word' id='word_1_515' title='bbox 1482 1394 1628 1465; x_wconf 83' lang='lat' dir='ltr'>Christum,</span> <span class='ocrx_word' id='word_1_516' title='bbox 1654 1411 1689 1453; x_wconf 90' lang='lat' dir='ltr'>nc</span> <span class='ocrx_word' id='word_1_517' title='bbox 1714 1397 1772 1468; x_wconf 89' lang='lat' dir='ltr'>ipse</span> <span class='ocrx_word' id='word_1_518' title='bbox 1794 1413 1894 1456; x_wconf 87' lang='lat' dir='ltr'>rursum</span> 
     </span>
     <span class='ocr_line' id='line_1_67' title="bbox 1108 1483 1892 1558; baseline 0.009 -20"><span class='ocrx_word' id='word_1_519' title='bbox 1108 1490 1186 1539; x_wconf 92' lang='lat' dir='ltr'>utero</span> <span class='ocrx_word' id='word_1_520' title='bbox 1198 1483 1375 1541; x_wconf 90' lang='lat' dir='ltr'>concludaris.</span> <span class='ocrx_word' id='word_1_521' title='bbox 1390 1485 1487 1543; x_wconf 89' lang='lat' dir='ltr'>Desine</span> <span class='ocrx_word' id='word_1_522' title='bbox 1500 1486 1566 1546; x_wconf 90' lang='lat' dir='ltr'>duas</span> <span class='ocrx_word' id='word_1_523' title='bbox 1579 1497 1688 1544; x_wconf 90' lang='lat' dir='ltr'>naturas</span> <span class='ocrx_word' id='word_1_524' title='bbox 1700 1488 1788 1546; x_wconf 88' lang='lat' dir='ltr'>iacere</span> <span class='ocrx_word' id='word_1_525' title='bbox 1803 1504 1892 1558; x_wconf 80' lang='lat' dir='ltr'>urtam3</span> 
     </span>
     <span class='ocr_line' id='line_1_68' title="bbox 1108 1574 1894 1652; baseline 0.013 -24"><span class='ocrx_word' id='word_1_526' title='bbox 1108 1574 1170 1645; x_wconf 91' lang='lat' dir='ltr'>quia</span> <span class='ocrx_word' id='word_1_527' title='bbox 1191 1576 1385 1646; x_wconf 91' lang='lat' dir='ltr'>appropinquat</span> <span class='ocrx_word' id='word_1_528' title='bbox 1407 1576 1512 1634; x_wconf 89' lang='lat' dir='ltr'>Domini</span> <span class='ocrx_word' id='word_1_529' title='bbox 1531 1577 1671 1650; x_wconf 86' lang='lat' dir='ltr'>judicium.</span> <span class='ocrx_word' id='word_1_530' title='bbox 1695 1579 1741 1636; x_wconf 81' lang='lat' dir='ltr'>ua</span> <span class='ocrx_word' id='word_1_531' title='bbox 1763 1581 1810 1652; x_wconf 93' lang='lat' dir='ltr'>qui</span> <span class='ocrx_word' id='word_1_532' title='bbox 1830 1581 1894 1638; x_wconf 89' lang='lat' dir='ltr'>acci·</span> 
     </span>
     <span class='ocr_line' id='line_1_69' title="bbox 1109 1656 1895 1738; baseline 0.014 -19"><span class='ocrx_word' id='word_1_533' title='bbox 1109 1663 1192 1734; x_wconf 85' lang='lat' dir='ltr'>pient,</span> <span class='ocrx_word' id='word_1_534' title='bbox 1216 1665 1261 1736; x_wconf 91' lang='lat' dir='ltr'>qui</span> <span class='ocrx_word' id='word_1_535' title='bbox 1280 1664 1352 1738; x_wconf 93' lang='lat' dir='ltr'>qood</span> <span class='ocrx_word' id='word_1_536' title='bbox 1365 1665 1443 1724; x_wconf 84' lang='lat' dir='ltr'>dulos</span> <span class='ocrx_word' id='word_1_537' title='bbox 1456 1676 1518 1737; x_wconf 90' lang='lat' dir='ltr'>est,</span> <span class='ocrx_word' id='word_1_538' title='bbox 1540 1656 1793 1727; x_wconf 67' lang='lat' dir='ltr'>in&#39;amaritudinem</span> <span class='ocrx_word' id='word_1_539' title='bbox 1817 1679 1895 1730; x_wconf 85' lang='lat' dir='ltr'>trans-</span> 
     </span>
     <span class='ocr_line' id='line_1_70' title="bbox 1107 1755 1206 1812; baseline 0.01 -2"><span class='ocrx_word' id='word_1_540' title='bbox 1107 1755 1206 1812; x_wconf 92' lang='lat' dir='ltr'>lerunt.</span> 
     </span>
    </p>

    <p class='ocr_par' dir='ltr' id='par_1_6' title="bbox 1103 1844 1900 5328">
     <span class='ocr_line' id='line_1_71' title="bbox 1143 1844 1896 1928; baseline 0.017 -28"><span class='ocrx_word' id='word_1_541' title='bbox 1143 1846 1171 1901; x_wconf 87' lang='grc'>6.</span> <span class='ocrx_word' id='word_1_542' title='bbox 1191 1844 1245 1902; x_wconf 88' lang='lat' dir='ltr'>Sed</span> <span class='ocrx_word' id='word_1_543' title='bbox 1256 1845 1280 1902; x_wconf 91' lang='lat' dir='ltr'>si</span> <span class='ocrx_word' id='word_1_544' title='bbox 1291 1845 1397 1922; x_wconf 89' lang='lat' dir='ltr'>dubitas</span> <span class='ocrx_word' id='word_1_545' title='bbox 1409 1847 1443 1905; x_wconf 89' lang='lat' dir='ltr'>de</span> <span class='ocrx_word' id='word_1_546' title='bbox 1454 1850 1596 1922; x_wconf 91' lang='lat' dir='ltr'>principio,</span> <span class='ocrx_word' id='word_1_547' title='bbox 1607 1852 1630 1908; x_wconf 89' lang='lat' dir='ltr'>si</span> <span class='ocrx_word' id='word_1_548' title='bbox 1640 1851 1751 1926; x_wconf 77' lang='lat' dir='ltr'>ambigis</span> <span class='ocrx_word' id='word_1_549' title='bbox 1761 1853 1797 1911; x_wconf 92' lang='lat' dir='ltr'>de</span> <span class='ocrx_word' id='word_1_550' title='bbox 1809 1869 1896 1928; x_wconf 77' lang='lat' dir='ltr'>pugne</span> 
     </span>
     <span class='ocr_line' id='line_1_72' title="bbox 1108 1938 1894 2018; baseline 0.013 -24"><span class='ocrx_word' id='word_1_551' title='bbox 1108 1938 1229 2006; x_wconf 81' lang='lat' dir='ltr'>exordio,</span> <span class='ocrx_word' id='word_1_552' title='bbox 1244 1939 1343 2009; x_wconf 90' lang='lat' dir='ltr'>poterit</span> <span class='ocrx_word' id='word_1_553' title='bbox 1353 1939 1451 1997; x_wconf 93' lang='lat' dir='ltr'>diurno</span> <span class='ocrx_word' id='word_1_554' title='bbox 1464 1949 1576 1998; x_wconf 88' lang='lat' dir='ltr'>tractatu</span> <span class='ocrx_word' id='word_1_555' title='bbox 1591 1943 1754 2017; x_wconf 77' lang='lat' dir='ltr'>pacificoque</span> <span class='ocrx_word' id='word_1_556' title='bbox 1767 1946 1894 2018; x_wconf 92' lang='lat' dir='ltr'>colloquio</span> 
     </span>
     <span class='ocr_line' id='line_1_73' title="bbox 1107 2030 1895 2112; baseline 0.014 -26"><span class='ocrx_word' id='word_1_557' title='bbox 1107 2030 1183 2087; x_wconf 91' lang='lat' dir='ltr'>reddi</span> <span class='ocrx_word' id='word_1_558' title='bbox 1195 2031 1273 2088; x_wconf 90' lang='lat' dir='ltr'>ratio.</span> <span class='ocrx_word' id='word_1_559' title='bbox 1288 2031 1355 2112; x_wconf 82' lang='lat' dir='ltr'>illud</span> <span class='ocrx_word' id='word_1_560' title='bbox 1370 2041 1458 2090; x_wconf 90' lang='lat' dir='ltr'>tamen</span> <span class='ocrx_word' id='word_1_561' title='bbox 1470 2044 1563 2092; x_wconf 90' lang='lat' dir='ltr'>notum</span> <span class='ocrx_word' id='word_1_562' title='bbox 1578 2035 1646 2094; x_wconf 90' lang='lat' dir='ltr'>iacio</span> <span class='ocrx_word' id='word_1_563' title='bbox 1659 2047 1711 2095; x_wconf 82' lang='lat' dir='ltr'>tuae</span> <span class='ocrx_word' id='word_1_564' title='bbox 1723 2039 1895 2111; x_wconf 78' lang='lat' dir='ltr'>sagacissima</span> 
     </span>
     <span class='ocr_line' id='line_1_74' title="bbox 1107 2121 1894 2202; baseline 0.017 -25"><span class='ocrx_word' id='word_1_565' title='bbox 1107 2121 1231 2191; x_wconf 89' lang='lat' dir='ltr'>bonitati,</span> <span class='ocrx_word' id='word_1_566' title='bbox 1252 2123 1313 2194; x_wconf 92' lang='lat' dir='ltr'>quia</span> <span class='ocrx_word' id='word_1_567' title='bbox 1326 2133 1390 2181; x_wconf 91' lang='lat' dir='ltr'>sunt</span> <span class='ocrx_word' id='word_1_568' title='bbox 1401 2125 1523 2196; x_wconf 83' lang='lat' dir='ltr'>quaedam</span> <span class='ocrx_word' id='word_1_569' title='bbox 1546 2143 1589 2185; x_wconf 89' lang='lat' dir='ltr'>res</span> <span class='ocrx_word' id='word_1_570' title='bbox 1606 2143 1667 2201; x_wconf 78' lang='lat' dir='ltr'>quae</span> <span class='ocrx_word' id='word_1_571' title='bbox 1681 2133 1778 2202; x_wconf 89' lang='lat' dir='ltr'>exponi</span> <span class='ocrx_word' id='word_1_572' title='bbox 1795 2133 1834 2188; x_wconf 90' lang='lat' dir='ltr'>sic</span> <span class='ocrx_word' id='word_1_573' title='bbox 1845 2147 1894 2191; x_wconf 93' lang='lat' dir='ltr'>non</span> 
     </span>
     <span class='ocr_line' id='line_1_75' title="bbox 1107 2215 1895 2287; baseline 0.018 -20"><span class='ocrx_word' id='word_1_574' title='bbox 1107 2221 1220 2284; x_wconf 90' lang='lat' dir='ltr'>possunt</span> <span class='ocrx_word' id='word_1_575' title='bbox 1245 2225 1273 2271; x_wconf 91' lang='lat' dir='ltr'>ut</span> <span class='ocrx_word' id='word_1_576' title='bbox 1283 2215 1605 2287; x_wconf 78' lang='lat' dir='ltr'>intelliganturtexcedit</span> <span class='ocrx_word' id='word_1_577' title='bbox 1627 2219 1698 2278; x_wconf 90' lang='lat' dir='ltr'>enirn</span> <span class='ocrx_word' id='word_1_578' title='bbox 1721 2222 1813 2280; x_wconf 86' lang='lat' dir='ltr'>divina</span> <span class='ocrx_word' id='word_1_579' title='bbox 1834 2223 1895 2282; x_wconf 87' lang='lat' dir='ltr'>ratio</span> 
     </span>
     <span class='ocr_line' id='line_1_76' title="bbox 1107 2304 1896 2384; baseline 0.016 -25"><span class='ocrx_word' id='word_1_580' title='bbox 1107 2304 1260 2362; x_wconf 85' lang='lat' dir='ltr'>mortalium</span> <span class='ocrx_word' id='word_1_581' title='bbox 1273 2315 1381 2378; x_wconf 86' lang='lat' dir='ltr'>pectora</span> <span class='ocrx_word' id='word_1_582' title='bbox 1396 2325 1403 2363; x_wconf 92' lang='lat'>:</span> <span class='ocrx_word' id='word_1_583' title='bbox 1417 2317 1510 2381; x_wconf 88' lang='lat' dir='ltr'>utputa</span> <span class='ocrx_word' id='word_1_584' title='bbox 1522 2309 1574 2367; x_wconf 88' lang='lat' dir='ltr'>ltoc</span> <span class='ocrx_word' id='word_1_585' title='bbox 1588 2311 1686 2382; x_wconf 89' lang='lat' dir='ltr'>ipsum,</span> <span class='ocrx_word' id='word_1_586' title='bbox 1701 2313 1838 2384; x_wconf 89' lang='lat' dir='ltr'>quomodo</span> <span class='ocrx_word' id='word_1_587' title='bbox 1848 2316 1896 2372; x_wconf 88' lang='lat' dir='ltr'>sint</span> 
     </span>
     <span class='ocr_line' id='line_1_77' title="bbox 1106 2397 1896 2480; baseline 0.018 -27"><span class='ocrx_word' id='word_1_588' title='bbox 1106 2397 1167 2454; x_wconf 82' lang='lat' dir='ltr'>duae</span> <span class='ocrx_word' id='word_1_589' title='bbox 1182 2407 1295 2468; x_wconf 78' lang='lat' dir='ltr'>naturae,</span> <span class='ocrx_word' id='word_1_590' title='bbox 1310 2409 1356 2458; x_wconf 90' lang='lat' dir='ltr'>aut</span> <span class='ocrx_word' id='word_1_591' title='bbox 1368 2416 1452 2473; x_wconf 89' lang='lat' dir='ltr'>quare</span> <span class='ocrx_word' id='word_1_592' title='bbox 1472 2405 1630 2475; x_wconf 87' lang='lat' dir='ltr'>pugnaverit</span> <span class='ocrx_word' id='word_1_593' title='bbox 1652 2405 1697 2478; x_wconf 92' lang='lat' dir='ltr'>qui</span> <span class='ocrx_word' id='word_1_594' title='bbox 1709 2408 1776 2464; x_wconf 90' lang='lat' dir='ltr'>nibil</span> <span class='ocrx_word' id='word_1_595' title='bbox 1802 2417 1896 2480; x_wconf 86' lang='lat' dir='ltr'>poterat</span> 
     </span>
     <span class='ocr_line' id='line_1_78' title="bbox 1106 2491 1897 2570; baseline 0.015 -24"><span class='ocrx_word' id='word_1_596' title='bbox 1106 2491 1181 2563; x_wconf 88' lang='lat' dir='ltr'>pati;</span> <span class='ocrx_word' id='word_1_597' title='bbox 1197 2507 1300 2550; x_wconf 91' lang='lat' dir='ltr'>necnon</span> <span class='ocrx_word' id='word_1_598' title='bbox 1315 2494 1395 2550; x_wconf 84' lang='lat' dir='ltr'>etiarn</span> <span class='ocrx_word' id='word_1_599' title='bbox 1409 2495 1444 2551; x_wconf 91' lang='lat' dir='ltr'>de</span> <span class='ocrx_word' id='word_1_600' title='bbox 1457 2498 1558 2554; x_wconf 73' lang='lat' dir='ltr'>seculo</span> <span class='ocrx_word' id='word_1_601' title='bbox 1573 2513 1653 2567; x_wconf 90' lang='lat' dir='ltr'>novo,</span> <span class='ocrx_word' id='word_1_602' title='bbox 1669 2499 1741 2570; x_wconf 92' lang='lat' dir='ltr'>quod</span> <span class='ocrx_word' id='word_1_603' title='bbox 1755 2500 1828 2558; x_wconf 88' lang='lat' dir='ltr'>idem</span> <span class='ocrx_word' id='word_1_604' title='bbox 1846 2517 1897 2558; x_wconf 89' lang='lat' dir='ltr'>me·</span> 
     </span>
     <span class='ocr_line' id='line_1_79' title="bbox 1107 2583 1896 2656; baseline 0.016 -20"><span class='ocrx_word' id='word_1_605' title='bbox 1107 2589 1204 2648; x_wconf 91' lang='lat' dir='ltr'>morat,</span> <span class='ocrx_word' id='word_1_606' title='bbox 1229 2583 1291 2656; x_wconf 93' lang='lat' dir='ltr'>quia</span> <span class='ocrx_word' id='word_1_607' title='bbox 1315 2585 1456 2655; x_wconf 71' lang='grc' dir='ltr'>ριιιιιιιιι</span> <span class='ocrx_word' id='word_1_608' title='bbox 1471 2587 1594 2644; x_wconf 85' lang='lat' dir='ltr'>maximae</span> <span class='ocrx_word' id='word_1_609' title='bbox 1608 2588 1679 2646; x_wconf 91' lang='lat' dir='ltr'>illius</span> <span class='ocrx_word' id='word_1_610' title='bbox 1693 2597 1772 2647; x_wconf 80' lang='lat' dir='ltr'>torrae</span> <span class='ocrx_word' id='word_1_611' title='bbox 1788 2592 1896 2649; x_wconf 85' lang='lat' dir='ltr'>rnodbus</span> 
     </span>
     <span class='ocr_line' id='line_1_80' title="bbox 1106 2672 1897 2745; baseline 0.018 -17"><span class='ocrx_word' id='word_1_612' title='bbox 1106 2672 1160 2728; x_wconf 90' lang='lat' dir='ltr'>lroc</span> <span class='ocrx_word' id='word_1_613' title='bbox 1187 2674 1343 2732; x_wconf 80' lang='grc' dir='ltr'>Ιιιιιιιιιιι.</span> <span class='ocrx_word' id='word_1_614' title='bbox 1368 2675 1433 2745; x_wconf 78' lang='lat' dir='ltr'>Quis</span> <span class='ocrx_word' id='word_1_615' title='bbox 1456 2687 1544 2736; x_wconf 85' lang='lat' dir='ltr'>autem</span> <span class='ocrx_word' id='word_1_616' title='bbox 1570 2679 1694 2738; x_wconf 90' lang='lat' dir='ltr'>admittat</span> <span class='ocrx_word' id='word_1_617' title='bbox 1720 2683 1796 2740; x_wconf 83' lang='lat' dir='ltr'>inter</span> <span class='ocrx_word' id='word_1_618' title='bbox 1816 2685 1897 2744; x_wconf 87' lang='lat' dir='ltr'>diviua</span> 
     </span>
     <span class='ocr_line' id='line_1_81' title="bbox 1107 2763 1897 2845; baseline 0.019 -28"><span class='ocrx_word' id='word_1_619' title='bbox 1107 2763 1227 2834; x_wconf 85' lang='lat' dir='ltr'>prarcidi,</span> <span class='ocrx_word' id='word_1_620' title='bbox 1243 2765 1346 2823; x_wconf 90' lang='lat' dir='ltr'>scilicet</span> <span class='ocrx_word' id='word_1_621' title='bbox 1357 2767 1409 2824; x_wconf 90' lang='lat' dir='ltr'>nisi</span> <span class='ocrx_word' id='word_1_622' title='bbox 1423 2767 1535 2841; x_wconf 85' lang='lat' dir='ltr'>liguram</span> <span class='ocrx_word' id='word_1_623' title='bbox 1549 2769 1630 2828; x_wconf 87' lang='lat' dir='ltr'>iacias</span> <span class='ocrx_word' id='word_1_624' title='bbox 1653 2773 1855 2845; x_wconf 84' lang='lat' dir='ltr'>interpretantis</span> <span class='ocrx_word' id='word_1_625' title='bbox 1867 2775 1897 2832; x_wconf 87' lang='lat' dir='ltr'>ad</span> 
     </span>
     <span class='ocr_line' id='line_1_82' title="bbox 1107 2855 1897 2935; baseline 0.019 -26"><span class='ocrx_word' id='word_1_626' title='bbox 1107 2855 1255 2913; x_wconf 88' lang='lat' dir='ltr'>auditorem</span> <span class='ocrx_word' id='word_1_627' title='bbox 1269 2858 1291 2924; x_wconf 88' lang='lat'>¹,</span> <span class='ocrx_word' id='word_1_628' title='bbox 1307 2858 1369 2929; x_wconf 91' lang='lat' dir='ltr'>quia</span> <span class='ocrx_word' id='word_1_629' title='bbox 1390 2859 1423 2917; x_wconf 89' lang='lat' dir='ltr'>ab</span> <span class='ocrx_word' id='word_1_630' title='bbox 1446 2860 1497 2918; x_wconf 88' lang='lat' dir='ltr'>boc</span> <span class='ocrx_word' id='word_1_631' title='bbox 1520 2863 1601 2920; x_wconf 86' lang='lat' dir='ltr'>verba</span> <span class='ocrx_word' id='word_1_632' title='bbox 1621 2864 1816 2935; x_wconf 81' lang='lat' dir='ltr'>praeciduntur,</span> <span class='ocrx_word' id='word_1_633' title='bbox 1836 2877 1861 2924; x_wconf 88' lang='lat' dir='ltr'>et</span> <span class='ocrx_word' id='word_1_634' title='bbox 1873 2867 1897 2924; x_wconf 93' lang='lat' dir='ltr'>in</span> 
     </span>
     <span class='ocr_line' id='line_1_83' title="bbox 1108 2944 1895 3024; baseline 0.019 -24"><span class='ocrx_word' id='word_1_635' title='bbox 1108 2944 1154 3000; x_wconf 92' lang='lat' dir='ltr'>illo</span> <span class='ocrx_word' id='word_1_636' title='bbox 1167 2950 1385 3018; x_wconf 80' lang='lat' dir='ltr'>componuntur?</span> <span class='ocrx_word' id='word_1_637' title='bbox 1399 2951 1433 3006; x_wconf 86' lang='lat' dir='ltr'>Et</span> <span class='ocrx_word' id='word_1_638' title='bbox 1444 2953 1567 3024; x_wconf 87' lang='lat' dir='ltr'>quamvls</span> <span class='ocrx_word' id='word_1_639' title='bbox 1580 2961 1707 3012; x_wconf 90' lang='lat' dir='ltr'>tractator</span> <span class='ocrx_word' id='word_1_640' title='bbox 1720 2958 1806 3015; x_wconf 86' lang='lat' dir='ltr'>multa</span> <span class='ocrx_word' id='word_1_641' title='bbox 1826 2959 1895 3015; x_wconf 85' lang='lat' dir='ltr'>dite·</span> 
     </span>
     <span class='ocr_line' id='line_1_84' title="bbox 1107 3035 1896 3114; baseline 0.023 -23"><span class='ocrx_word' id='word_1_642' title='bbox 1107 3035 1153 3104; x_wconf 85' lang='lat' dir='ltr'>rit,</span> <span class='ocrx_word' id='word_1_643' title='bbox 1176 3053 1235 3110; x_wconf 77' lang='lat' dir='ltr'>quae</span> <span class='ocrx_word' id='word_1_644' title='bbox 1258 3047 1347 3098; x_wconf 89' lang='lat' dir='ltr'>teneat</span> <span class='ocrx_word' id='word_1_645' title='bbox 1371 3043 1440 3114; x_wconf 92' lang='lat' dir='ltr'>apud</span> <span class='ocrx_word' id='word_1_646' title='bbox 1455 3045 1744 3114; x_wconf 82' lang='lat' dir='ltr'>seaudimr,tumena</span> <span class='ocrx_word' id='word_1_647' title='bbox 1760 3058 1896 3108; x_wconf 86' lang='lat' dir='ltr'>tractatore</span> 
     </span>
     <span class='ocr_line' id='line_1_85' title="bbox 1107 3135 1893 3212; baseline 0.02 -27"><span class='ocrx_word' id='word_1_648' title='bbox 1107 3145 1162 3186; x_wconf 92' lang='lat' dir='ltr'>non</span> <span class='ocrx_word' id='word_1_649' title='bbox 1172 3143 1342 3190; x_wconf 85' lang='lat' dir='ltr'>recesserunt</span> <span class='ocrx_word' id='word_1_650' title='bbox 1353 3153 1361 3190; x_wconf 83' lang='grc' dir='ltr'>ι</span> <span class='ocrx_word' id='word_1_651' title='bbox 1373 3135 1423 3192; x_wconf 88' lang='lat' dir='ltr'>nisi</span> <span class='ocrx_word' id='word_1_652' title='bbox 1436 3136 1526 3194; x_wconf 86' lang='lat' dir='ltr'>taliter</span> <span class='ocrx_word' id='word_1_653' title='bbox 1538 3146 1565 3194; x_wconf 88' lang='lat' dir='ltr'>et</span> <span class='ocrx_word' id='word_1_654' title='bbox 1574 3138 1609 3196; x_wconf 92' lang='lat' dir='ltr'>de</span> <span class='ocrx_word' id='word_1_655' title='bbox 1621 3139 1668 3196; x_wconf 93' lang='lat' dir='ltr'>illo</span> <span class='ocrx_word' id='word_1_656' title='bbox 1679 3141 1783 3200; x_wconf 88' lang='lat' dir='ltr'>sentias</span> <span class='ocrx_word' id='word_1_657' title='bbox 1794 3143 1893 3212; x_wconf 81' lang='lat' dir='ltr'>saeculo,</span> 
     </span>
     <span class='ocr_line' id='line_1_86' title="bbox 1107 3220 1895 3305; baseline 0.018 -29"><span class='ocrx_word' id='word_1_658' title='bbox 1107 3229 1135 3276; x_wconf 88' lang='lat' dir='ltr'>et</span> <span class='ocrx_word' id='word_1_659' title='bbox 1157 3221 1184 3278; x_wconf 96' lang='lat' dir='ltr'>id</span> <span class='ocrx_word' id='word_1_660' title='bbox 1201 3220 1239 3298; x_wconf 79' lang='lat' dir='ltr'>(a)</span> <span class='ocrx_word' id='word_1_661' title='bbox 1253 3224 1324 3296; x_wconf 93' lang='lat' dir='ltr'>quod</span> <span class='ocrx_word' id='word_1_662' title='bbox 1346 3225 1443 3284; x_wconf 88' lang='lat' dir='ltr'>dicitur</span> <span class='ocrx_word' id='word_1_663' title='bbox 1465 3228 1574 3286; x_wconf 89' lang='lat' dir='ltr'>stultum</span> <span class='ocrx_word' id='word_1_664' title='bbox 1589 3231 1655 3288; x_wconf 87' lang='lat' dir='ltr'>satis</span> <span class='ocrx_word' id='word_1_665' title='bbox 1675 3239 1704 3289; x_wconf 89' lang='lat' dir='ltr'>et</span> <span class='ocrx_word' id='word_1_666' title='bbox 1717 3233 1846 3305; x_wconf 88' lang='lat' dir='ltr'>ineptum.</span> <span class='ocrx_word' id='word_1_667' title='bbox 1860 3233 1895 3290; x_wconf 87' lang='lat' dir='ltr'>lta</span> 
     </span>
     <span class='ocr_line' id='line_1_87' title="bbox 1107 3315 1893 3397; baseline 0.017 -30"><span class='ocrx_word' id='word_1_668' title='bbox 1107 3327 1213 3384; x_wconf 93' lang='lat' dir='ltr'>quoque</span> <span class='ocrx_word' id='word_1_669' title='bbox 1225 3315 1299 3372; x_wconf 91' lang='lat' dir='ltr'>etde</span> <span class='ocrx_word' id='word_1_670' title='bbox 1319 3330 1418 3390; x_wconf 86' lang='lat' dir='ltr'>pugna,</span> <span class='ocrx_word' id='word_1_671' title='bbox 1433 3319 1504 3391; x_wconf 95' lang='lat' dir='ltr'>quod</span> <span class='ocrx_word' id='word_1_672' title='bbox 1519 3321 1570 3378; x_wconf 92' lang='lat' dir='ltr'>nisi</span> <span class='ocrx_word' id='word_1_673' title='bbox 1584 3322 1672 3393; x_wconf 90' lang='lat' dir='ltr'>primo</span> <span class='ocrx_word' id='word_1_674' title='bbox 1685 3323 1823 3395; x_wconf 84' lang='lat' dir='ltr'>conjicias,</span> <span class='ocrx_word' id='word_1_675' title='bbox 1838 3325 1893 3397; x_wconf 89' lang='lat' dir='ltr'>quia</span> 
     </span>
     <span class='ocr_line' id='line_1_88' title="bbox 1108 3403 1896 3478; baseline 0.02 -19"><span class='ocrx_word' id='word_1_676' title='bbox 1108 3403 1177 3460; x_wconf 90' lang='lat' dir='ltr'>Deus</span> <span class='ocrx_word' id='word_1_677' title='bbox 1199 3413 1270 3463; x_wconf 87' lang='lat' dir='ltr'>totns</span> <span class='ocrx_word' id='word_1_678' title='bbox 1288 3406 1389 3478; x_wconf 83' lang='lat' dir='ltr'>justitia</span> <span class='ocrx_word' id='word_1_679' title='bbox 1411 3417 1462 3477; x_wconf 87' lang='lat' dir='ltr'>ast,</span> <span class='ocrx_word' id='word_1_680' title='bbox 1483 3411 1607 3469; x_wconf 88' lang='lat' dir='ltr'>ultimum</span> <span class='ocrx_word' id='word_1_681' title='bbox 1621 3421 1711 3471; x_wconf 84' lang='lat' dir='ltr'>autam</span> <span class='ocrx_word' id='word_1_682' title='bbox 1736 3415 1840 3474; x_wconf 86' lang='lat' dir='ltr'>lacinus</span> <span class='ocrx_word' id='word_1_683' title='bbox 1859 3423 1896 3474; x_wconf 85' lang='lat' dir='ltr'>ast</span> 
     </span>
     <span class='ocr_line' id='line_1_89' title="bbox 1106 3494 1894 3567; baseline 0.02 -18"><span class='ocrx_word' id='word_1_684' title='bbox 1106 3494 1233 3554; x_wconf 88' lang='lat' dir='ltr'>invadere</span> <span class='ocrx_word' id='word_1_685' title='bbox 1247 3497 1332 3554; x_wconf 87' lang='lat' dir='ltr'>aliena</span> <span class='ocrx_word' id='word_1_686' title='bbox 1346 3517 1354 3554; x_wconf 83' lang='grc' dir='ltr'>ι</span> <span class='ocrx_word' id='word_1_687' title='bbox 1367 3499 1402 3558; x_wconf 88' lang='lat' dir='ltr'>ad</span> <span class='ocrx_word' id='word_1_688' title='bbox 1415 3499 1467 3558; x_wconf 88' lang='lat' dir='ltr'>boe</span> <span class='ocrx_word' id='word_1_689' title='bbox 1482 3517 1548 3561; x_wconf 89' lang='lat' dir='ltr'>vero</span> <span class='ocrx_word' id='word_1_690' title='bbox 1569 3507 1749 3564; x_wconf 85' lang='lat' dir='ltr'>cumvenerit</span> <span class='ocrx_word' id='word_1_691' title='bbox 1770 3509 1894 3567; x_wconf 85' lang='lat' dir='ltr'>contraria</span> 
     </span>
     <span class='ocr_line' id='line_1_90' title="bbox 1107 3591 1895 3674; baseline 0.022 -31"><span class='ocrx_word' id='word_1_692' title='bbox 1107 3598 1211 3659; x_wconf 89' lang='lat' dir='ltr'>nutura,</span> <span class='ocrx_word' id='word_1_693' title='bbox 1227 3591 1271 3647; x_wconf 88' lang='lat' dir='ltr'>ille</span> <span class='ocrx_word' id='word_1_694' title='bbox 1291 3593 1399 3665; x_wconf 90' lang='lat' dir='ltr'>quidem</span> <span class='ocrx_word' id='word_1_695' title='bbox 1412 3594 1479 3651; x_wconf 90' lang='lat' dir='ltr'>nibil</span> <span class='ocrx_word' id='word_1_696' title='bbox 1499 3603 1605 3668; x_wconf 86' lang='lat' dir='ltr'>poterat</span> <span class='ocrx_word' id='word_1_697' title='bbox 1618 3601 1682 3671; x_wconf 89' lang='lat' dir='ltr'>pati,</span> <span class='ocrx_word' id='word_1_698' title='bbox 1697 3601 1761 3673; x_wconf 85' lang='lat' dir='ltr'>quia</span> <span class='ocrx_word' id='word_1_699' title='bbox 1775 3603 1895 3674; x_wconf 69' lang='lat' dir='ltr'>prescius</span> 
     </span>
     <span class='ocr_line' id='line_1_91' title="bbox 1106 3682 1893 3766; baseline 0.015 -30"><span class='ocrx_word' id='word_1_700' title='bbox 1106 3691 1175 3752; x_wconf 90' lang='lat' dir='ltr'>erat,</span> <span class='ocrx_word' id='word_1_701' title='bbox 1185 3684 1257 3739; x_wconf 91' lang='lat' dir='ltr'>visus</span> <span class='ocrx_word' id='word_1_702' title='bbox 1266 3682 1360 3742; x_wconf 89' lang='lat' dir='ltr'>luisset</span> <span class='ocrx_word' id='word_1_703' title='bbox 1370 3685 1481 3745; x_wconf 88' lang='lat' dir='ltr'>lacinori</span> <span class='ocrx_word' id='word_1_704' title='bbox 1492 3691 1666 3749; x_wconf 85' lang='lat' dir='ltr'>consensisse</span> <span class='ocrx_word' id='word_1_705' title='bbox 1674 3692 1725 3750; x_wconf 89' lang='lat' dir='ltr'>uisi</span> <span class='ocrx_word' id='word_1_706' title='bbox 1736 3703 1893 3766; x_wconf 83' lang='lat' dir='ltr'>pugnasset:</span> 
     </span>
     <span class='ocr_line' id='line_1_92' title="bbox 1106 3768 1894 3857; baseline 0.016 -27"><span class='ocrx_word' id='word_1_707' title='bbox 1106 3781 1134 3830; x_wconf 89' lang='grc' dir='ltr'>ιι</span> <span class='ocrx_word' id='word_1_708' title='bbox 1146 3773 1206 3831; x_wconf 90' lang='lat' dir='ltr'>ideo</span> <span class='ocrx_word' id='word_1_709' title='bbox 1218 3789 1341 3848; x_wconf 86' lang='lat' dir='ltr'>magnam</span> <span class='ocrx_word' id='word_1_710' title='bbox 1354 3779 1479 3849; x_wconf 88' lang='lat' dir='ltr'>opposuit</span> <span class='ocrx_word' id='word_1_711' title='bbox 1491 3768 1608 3838; x_wconf 90' lang='lat' dir='ltr'>veni&#39;euti</span> <span class='ocrx_word' id='word_1_712' title='bbox 1621 3783 1759 3855; x_wconf 84' lang='lat' dir='ltr'>virtutem,</span> <span class='ocrx_word' id='word_1_713' title='bbox 1772 3787 1811 3842; x_wconf 94' lang='lat' dir='ltr'>uti</span> <span class='ocrx_word' id='word_1_714' title='bbox 1821 3785 1894 3857; x_wconf 79' lang='lat' dir='ltr'>iusti-</span> 
     </span>
     <span class='ocr_line' id='line_1_93' title="bbox 1106 3858 1895 3947; baseline 0.019 -27"><span class='ocrx_word' id='word_1_715' title='bbox 1106 3858 1239 3938; x_wconf 76' lang='lat' dir='ltr'>tla&#39;ipsins</span> <span class='ocrx_word' id='word_1_716' title='bbox 1250 3869 1321 3924; x_wconf 88' lang='lat' dir='ltr'>nulia</span> <span class='ocrx_word' id='word_1_717' title='bbox 1334 3871 1499 3943; x_wconf 87' lang='lat' dir='ltr'>pollueretur</span> <span class='ocrx_word' id='word_1_718' title='bbox 1513 3873 1644 3947; x_wconf 79' lang='lat' dir='ltr'>sacnlegii</span> <span class='ocrx_word' id='word_1_719' title='bbox 1657 3878 1845 3934; x_wconf 88' lang='lat' dir='ltr'>consensione.</span> <span class='ocrx_word' id='word_1_720' title='bbox 1860 3877 1895 3934; x_wconf 86' lang='lat' dir='ltr'>ltu</span> 
     </span>
     <span class='ocr_line' id='line_1_94' title="bbox 1106 3956 1896 4040; baseline 0.016 -29"><span class='ocrx_word' id='word_1_721' title='bbox 1106 3956 1178 4012; x_wconf 90' lang='lat' dir='ltr'>enim</span> <span class='ocrx_word' id='word_1_722' title='bbox 1190 3957 1225 4014; x_wconf 90' lang='lat' dir='ltr'>ab</span> <span class='ocrx_word' id='word_1_723' title='bbox 1239 3973 1272 4016; x_wconf 87' lang='lat' dir='ltr'>eo</span> <span class='ocrx_word' id='word_1_724' title='bbox 1283 3959 1392 4031; x_wconf 75' lang='lat' dir='ltr'>iustus·</span> <span class='ocrx_word' id='word_1_725' title='bbox 1404 3960 1494 4019; x_wconf 88' lang='lat' dir='ltr'>linitus</span> <span class='ocrx_word' id='word_1_726' title='bbox 1506 3972 1558 4032; x_wconf 85' lang='lat' dir='ltr'>est,</span> <span class='ocrx_word' id='word_1_727' title='bbox 1571 3975 1600 4020; x_wconf 90' lang='lat' dir='ltr'>ut</span> <span class='ocrx_word' id='word_1_728' title='bbox 1611 3979 1662 4024; x_wconf 89' lang='lat' dir='ltr'>nec</span> <span class='ocrx_word' id='word_1_729' title='bbox 1675 3965 1733 4039; x_wconf 87' lang='lat' dir='ltr'>ipse</span> <span class='ocrx_word' id='word_1_730' title='bbox 1744 3977 1838 4040; x_wconf 87' lang='lat' dir='ltr'>peccet</span> <span class='ocrx_word' id='word_1_731' title='bbox 1849 3969 1896 4024; x_wconf 87' lang='lat' dir='ltr'>aii·</span> 
     </span>
     <span class='ocr_line' id='line_1_95' title="bbox 1106 4051 1896 4131; baseline 0.015 -25"><span class='ocrx_word' id='word_1_732' title='bbox 1106 4051 1222 4120; x_wconf 90' lang='lat' dir='ltr'>quando,</span> <span class='ocrx_word' id='word_1_733' title='bbox 1247 4068 1297 4110; x_wconf 90' lang='lat' dir='ltr'>uec</span> <span class='ocrx_word' id='word_1_734' title='bbox 1318 4055 1462 4126; x_wconf 86' lang='lat' dir='ltr'>aliquando</span> <span class='ocrx_word' id='word_1_735' title='bbox 1484 4059 1635 4116; x_wconf 85' lang='lat' dir='ltr'>consentiat</span> <span class='ocrx_word' id='word_1_736' title='bbox 1660 4061 1808 4131; x_wconf 85' lang='lat' dir='ltr'>peccatori.</span> <span class='ocrx_word' id='word_1_737' title='bbox 1833 4059 1896 4118; x_wconf 89' lang='lat' dir='ltr'>iliud</span> 
     </span>
     <span class='ocr_line' id='line_1_96' title="bbox 1106 4142 1896 4222; baseline 0.018 -25"><span class='ocrx_word' id='word_1_738' title='bbox 1106 4142 1186 4198; x_wconf 85' lang='lat' dir='ltr'>ctiam</span> <span class='ocrx_word' id='word_1_739' title='bbox 1198 4144 1259 4214; x_wconf 92' lang='lat' dir='ltr'>quia</span> <span class='ocrx_word' id='word_1_740' title='bbox 1275 4145 1345 4201; x_wconf 89' lang='lat' dir='ltr'>Deus</span> <span class='ocrx_word' id='word_1_741' title='bbox 1357 4146 1384 4201; x_wconf 95' lang='lat' dir='ltr'>in</span> <span class='ocrx_word' id='word_1_742' title='bbox 1397 4161 1447 4204; x_wconf 91' lang='lat' dir='ltr'>suo</span> <span class='ocrx_word' id='word_1_743' title='bbox 1459 4161 1543 4220; x_wconf 86' lang='lat' dir='ltr'>regno</span> <span class='ocrx_word' id='word_1_744' title='bbox 1555 4158 1651 4220; x_wconf 87' lang='lat' dir='ltr'>potens</span> <span class='ocrx_word' id='word_1_745' title='bbox 1663 4160 1723 4208; x_wconf 89' lang='lat' dir='ltr'>crat</span> <span class='ocrx_word' id='word_1_746' title='bbox 1742 4152 1772 4208; x_wconf 94' lang='lat' dir='ltr'>in</span> <span class='ocrx_word' id='word_1_747' title='bbox 1786 4161 1896 4222; x_wconf 83' lang='lat' dir='ltr'>natura,</span> 
     </span>
     <span class='ocr_line' id='line_1_97' title="bbox 1107 4234 1896 4314; baseline 0.02 -28"><span class='ocrx_word' id='word_1_748' title='bbox 1107 4240 1135 4287; x_wconf 93' lang='lat' dir='ltr'>ut</span> <span class='ocrx_word' id='word_1_749' title='bbox 1149 4234 1316 4305; x_wconf 89' lang='lat' dir='ltr'>omnipotens</span> <span class='ocrx_word' id='word_1_750' title='bbox 1328 4244 1355 4292; x_wconf 91' lang='lat' dir='ltr'>et</span> <span class='ocrx_word' id='word_1_751' title='bbox 1371 4237 1463 4308; x_wconf 83' lang='lat' dir='ltr'>judex.</span> <span class='ocrx_word' id='word_1_752' title='bbox 1477 4239 1680 4312; x_wconf 77' lang='lat' dir='ltr'>limosiquidem</span> <span class='ocrx_word' id='word_1_753' title='bbox 1693 4242 1728 4298; x_wconf 87' lang='lat' dir='ltr'>ita</span> <span class='ocrx_word' id='word_1_754' title='bbox 1740 4243 1813 4301; x_wconf 88' lang='lat' dir='ltr'>dicta</span> <span class='ocrx_word' id='word_1_755' title='bbox 1828 4251 1896 4314; x_wconf 90' lang='lat' dir='ltr'>sunt,</span> 
     </span>
     <span class='ocr_line' id='line_1_98' title="bbox 1106 4324 1897 4408; baseline 0.016 -30"><span class='ocrx_word' id='word_1_756' title='bbox 1106 4337 1159 4379; x_wconf 90' lang='lat' dir='ltr'>non</span> <span class='ocrx_word' id='word_1_757' title='bbox 1170 4333 1199 4381; x_wconf 89' lang='grc' dir='ltr'>ιιι</span> <span class='ocrx_word' id='word_1_758' title='bbox 1212 4324 1348 4384; x_wconf 89' lang='lat' dir='ltr'>illclactus</span> <span class='ocrx_word' id='word_1_759' title='bbox 1361 4329 1502 4396; x_wconf 86' lang='lat' dir='ltr'>est,sedut</span> <span class='ocrx_word' id='word_1_760' title='bbox 1513 4333 1674 4406; x_wconf 88' lang='lat' dir='ltr'>assequiego</span> <span class='ocrx_word' id='word_1_761' title='bbox 1685 4349 1739 4391; x_wconf 89' lang='lat' dir='ltr'>uon</span> <span class='ocrx_word' id='word_1_762' title='bbox 1755 4335 1827 4392; x_wconf 87' lang='lat' dir='ltr'>valui</span> <span class='ocrx_word' id='word_1_763' title='bbox 1838 4335 1897 4408; x_wconf 83' lang='lat' dir='ltr'>(th</span> 
     </span>
     <span class='ocr_line' id='line_1_99' title="bbox 1105 4413 1898 4493; baseline 0.023 -25"><span class='ocrx_word' id='word_1_764' title='bbox 1105 4413 1193 4472; x_wconf 85' lang='lat' dir='ltr'>adbuc</span> <span class='ocrx_word' id='word_1_765' title='bbox 1204 4431 1257 4473; x_wconf 92' lang='lat' dir='ltr'>non</span> <span class='ocrx_word' id='word_1_766' title='bbox 1268 4418 1333 4474; x_wconf 88' lang='lat' dir='ltr'>satis</span> <span class='ocrx_word' id='word_1_767' title='bbox 1345 4418 1643 4493; x_wconf 82' lang='lat' dir='ltr'>iacimtperidiae,uoo</span> <span class='ocrx_word' id='word_1_768' title='bbox 1652 4427 1782 4484; x_wconf 75' lang='lat' dir='ltr'>eccissol</span> <span class='ocrx_word' id='word_1_769' title='bbox 1794 4435 1898 4484; x_wconf 82' lang='lat' dir='ltr'>erorutt</span> 
     </span>
     <span class='ocr_line' id='line_1_100' title="bbox 1105 4511 1898 4590; baseline 0.014 -26"><span class='ocrx_word' id='word_1_770' title='bbox 1105 4516 1156 4576; x_wconf 83' lang='lat' dir='ltr'>est,</span> <span class='ocrx_word' id='word_1_771' title='bbox 1178 4523 1228 4565; x_wconf 86' lang='lat' dir='ltr'>nec</span> <span class='ocrx_word' id='word_1_772' title='bbox 1249 4511 1338 4568; x_wconf 85' lang='lat' dir='ltr'>surdis</span> <span class='ocrx_word' id='word_1_773' title='bbox 1352 4529 1403 4570; x_wconf 88' lang='lat' dir='ltr'>vox</span> <span class='ocrx_word' id='word_1_774' title='bbox 1424 4515 1514 4572; x_wconf 86' lang='lat' dir='ltr'>audita</span> <span class='ocrx_word' id='word_1_775' title='bbox 1538 4527 1590 4584; x_wconf 89' lang='lat' dir='ltr'>est,</span> <span class='ocrx_word' id='word_1_776' title='bbox 1606 4533 1658 4576; x_wconf 88' lang='grc' dir='ltr'>ιιιι</span> <span class='ocrx_word' id='word_1_777' title='bbox 1678 4518 1762 4590; x_wconf 87' lang='lat' dir='ltr'>dapes</span> <span class='ocrx_word' id='word_1_778' title='bbox 1787 4521 1898 4577; x_wconf 89' lang='lat' dir='ltr'>mortuis</span> 
     </span>
     <span class='ocr_line' id='line_1_101' title="bbox 1103 4605 1897 4686; baseline 0.013 -27"><span class='ocrx_word' id='word_1_779' title='bbox 1103 4608 1270 4675; x_wconf 71' lang='lat' dir='ltr'>praeparatae.</span> <span class='ocrx_word' id='word_1_780' title='bbox 1293 4605 1370 4674; x_wconf 78' lang='lat' dir='ltr'>Quod</span> <span class='ocrx_word' id='word_1_781' title='bbox 1392 4615 1481 4665; x_wconf 88' lang='lat' dir='ltr'>autem</span> <span class='ocrx_word' id='word_1_782' title='bbox 1496 4608 1555 4666; x_wconf 92' lang='lat' dir='ltr'>loca</span> <span class='ocrx_word' id='word_1_783' title='bbox 1574 4612 1677 4672; x_wconf 86' lang='lat' dir='ltr'>naturis</span> <span class='ocrx_word' id='word_1_784' title='bbox 1698 4614 1832 4686; x_wconf 90' lang='lat' dir='ltr'>assignari</span> <span class='ocrx_word' id='word_1_785' title='bbox 1847 4629 1897 4670; x_wconf 90' lang='lat' dir='ltr'>non</span> 
     </span>
     <span class='ocr_line' id='line_1_102' title="bbox 1104 4696 1897 4770; baseline 0.016 -21"><span class='ocrx_word' id='word_1_786' title='bbox 1104 4706 1226 4764; x_wconf 90' lang='lat' dir='ltr'>possunt,</span> <span class='ocrx_word' id='word_1_787' title='bbox 1240 4696 1291 4753; x_wconf 88' lang='lat' dir='ltr'>lroc</span> <span class='ocrx_word' id='word_1_788' title='bbox 1309 4707 1351 4755; x_wconf 89' lang='lat' dir='ltr'>est</span> <span class='ocrx_word' id='word_1_789' title='bbox 1372 4699 1444 4770; x_wconf 91' lang='lat' dir='ltr'>quod</span> <span class='ocrx_word' id='word_1_790' title='bbox 1456 4700 1573 4758; x_wconf 90' lang='lat' dir='ltr'>conditio</span> <span class='ocrx_word' id='word_1_791' title='bbox 1588 4701 1705 4761; x_wconf 82' lang='lat' dir='ltr'>humana</span> <span class='ocrx_word' id='word_1_792' title='bbox 1719 4704 1897 4763; x_wconf 82' lang='lat' dir='ltr'>inenarrabile</span> 
     </span>
     <span class='ocr_line' id='line_1_103' title="bbox 1104 4790 1896 4861; baseline 0.015 -19"><span class='ocrx_word' id='word_1_793' title='bbox 1104 4795 1182 4843; x_wconf 86' lang='lat' dir='ltr'>vocat</span> <span class='ocrx_word' id='word_1_794' title='bbox 1191 4798 1270 4861; x_wconf 89' lang='lat' dir='ltr'>atque</span> <span class='ocrx_word' id='word_1_795' title='bbox 1279 4790 1422 4849; x_wconf 82' lang='lat' dir='ltr'>ined&#39;abile.</span> <span class='ocrx_word' id='word_1_796' title='bbox 1436 4791 1557 4851; x_wconf 86' lang='lat' dir='ltr'>Salvator</span> <span class='ocrx_word' id='word_1_797' title='bbox 1566 4805 1656 4854; x_wconf 88' lang='lat' dir='ltr'>autem</span> <span class='ocrx_word' id='word_1_798' title='bbox 1665 4798 1708 4856; x_wconf 94' lang='lat' dir='ltr'>cui</span> <span class='ocrx_word' id='word_1_799' title='bbox 1721 4807 1809 4856; x_wconf 91' lang='lat' dir='ltr'>totum</span> <span class='ocrx_word' id='word_1_800' title='bbox 1821 4799 1896 4855; x_wconf 88' lang='lat' dir='ltr'>lacils</span> 
     </span>
     <span class='ocr_line' id='line_1_104' title="bbox 1103 4880 1896 4958; baseline 0.01 -22"><span class='ocrx_word' id='word_1_801' title='bbox 1103 4887 1155 4948; x_wconf 84' lang='lat' dir='ltr'>est,</span> <span class='ocrx_word' id='word_1_802' title='bbox 1169 4880 1223 4938; x_wconf 94' lang='lat' dir='ltr'>duo</span> <span class='ocrx_word' id='word_1_803' title='bbox 1237 4881 1295 4939; x_wconf 78' lang='lat' dir='ltr'>bac</span> <span class='ocrx_word' id='word_1_804' title='bbox 1304 4883 1428 4942; x_wconf 80' lang='lat' dir='ltr'>dextrum</span> <span class='ocrx_word' id='word_1_805' title='bbox 1439 4895 1560 4945; x_wconf 86' lang='lat' dir='ltr'>vocatae</span> <span class='ocrx_word' id='word_1_806' title='bbox 1572 4888 1678 4958; x_wconf 76' lang='lat' dir='ltr'>larum,</span> <span class='ocrx_word' id='word_1_807' title='bbox 1693 4891 1766 4948; x_wconf 91' lang='lat' dir='ltr'>intus</span> <span class='ocrx_word' id='word_1_808' title='bbox 1779 4906 1811 4948; x_wconf 91' lang='lat' dir='ltr'>ac</span> <span class='ocrx_word' id='word_1_809' title='bbox 1824 4890 1896 4956; x_wconf 91' lang='lat' dir='ltr'>loris,</span> 
     </span>
     <span class='ocr_line' id='line_1_105' title="bbox 1111 4970 1898 5051; baseline 0.014 -26"><span class='ocrx_word' id='word_1_810' title='bbox 1111 4970 1195 5028; x_wconf 85' lang='lat' dir='ltr'>Venite</span> <span class='ocrx_word' id='word_1_811' title='bbox 1205 4989 1238 5030; x_wconf 86' lang='lat' dir='ltr'>ac</span> <span class='ocrx_word' id='word_1_812' title='bbox 1246 4975 1362 5032; x_wconf 80' lang='lat' dir='ltr'>Recedite</span> <span class='ocrx_word' id='word_1_813' title='bbox 1377 4977 1483 5050; x_wconf 82' lang='lat' dir='ltr'>(liottlt.</span> <span class='ocrx_word' id='word_1_814' title='bbox 1495 4979 1574 5051; x_wconf 83' lang='lat' dir='ltr'>xxv).</span> <span class='ocrx_word' id='word_1_815' title='bbox 1587 4979 1628 5037; x_wconf 90' lang='lat' dir='ltr'>&#39;l&#39;u</span> <span class='ocrx_word' id='word_1_816' title='bbox 1639 4989 1729 5039; x_wconf 83' lang='lat' dir='ltr'>autem</span> <span class='ocrx_word' id='word_1_817' title='bbox 1739 4995 1898 5039; x_wconf 84' lang='lat' dir='ltr'>conversum</span> 
     </span>
     <span class='ocr_line' id='line_1_106' title="bbox 1104 5063 1897 5142; baseline 0.011 -24"><span class='ocrx_word' id='word_1_818' title='bbox 1104 5063 1170 5122; x_wconf 88' lang='lat' dir='ltr'>lacis</span> <span class='ocrx_word' id='word_1_819' title='bbox 1184 5065 1221 5138; x_wconf 85' lang='lat' dir='ltr'>(c)</span> <span class='ocrx_word' id='word_1_820' title='bbox 1242 5075 1271 5124; x_wconf 91' lang='lat' dir='ltr'>ct</span> <span class='ocrx_word' id='word_1_821' title='bbox 1283 5069 1380 5140; x_wconf 86' lang='lat' dir='ltr'>pedem</span> <span class='ocrx_word' id='word_1_822' title='bbox 1395 5071 1482 5142; x_wconf 92' lang='lat' dir='ltr'>ponis,</span> <span class='ocrx_word' id='word_1_823' title='bbox 1500 5081 1595 5140; x_wconf 84' lang='lat' dir='ltr'>otest,</span> <span class='ocrx_word' id='word_1_824' title='bbox 1615 5073 1704 5140; x_wconf 86' lang='lat' dir='ltr'>orbis,</span> <span class='ocrx_word' id='word_1_825' title='bbox 1720 5074 1787 5140; x_wconf 91' lang='lat' dir='ltr'>vita,</span> <span class='ocrx_word' id='word_1_826' title='bbox 1808 5073 1897 5138; x_wconf 88' lang='lat' dir='ltr'>salus,</span> 
     </span>
     <span class='ocr_line' id='line_1_107' title="bbox 1104 5155 1899 5232; baseline 0.009 -21"><span class='ocrx_word' id='word_1_827' title='bbox 1104 5155 1204 5224; x_wconf 91' lang='lat' dir='ltr'>lumen,</span> <span class='ocrx_word' id='word_1_828' title='bbox 1219 5158 1272 5226; x_wconf 82' lang='lat' dir='ltr'>lea,</span> <span class='ocrx_word' id='word_1_829' title='bbox 1286 5159 1363 5230; x_wconf 91' lang='lat' dir='ltr'>ordo,</span> <span class='ocrx_word' id='word_1_830' title='bbox 1385 5169 1504 5232; x_wconf 74' lang='lat' dir='ltr'>potcstm</span> <span class='ocrx_word' id='word_1_831' title='bbox 1517 5181 1524 5217; x_wconf 92' lang='lat'>:</span> <span class='ocrx_word' id='word_1_832' title='bbox 1537 5162 1560 5220; x_wconf 87' lang='lat' dir='ltr'>si</span> <span class='ocrx_word' id='word_1_833' title='bbox 1573 5164 1692 5221; x_wconf 89' lang='lat' dir='ltr'>vocalem</span> <span class='ocrx_word' id='word_1_834' title='bbox 1705 5165 1773 5221; x_wconf 90' lang='lat' dir='ltr'>dicis</span> <span class='ocrx_word' id='word_1_835' title='bbox 1796 5173 1825 5220; x_wconf 89' lang='lat' dir='ltr'>et</span> <span class='ocrx_word' id='word_1_836' title='bbox 1840 5177 1899 5218; x_wconf 90' lang='lat' dir='ltr'>mu·</span> 
     </span>
     <span class='ocr_line' id='line_1_108' title="bbox 1104 5253 1900 5328; baseline 0.001 -19"><span class='ocrx_word' id='word_1_837' title='bbox 1104 5261 1168 5323; x_wconf 91' lang='lat' dir='ltr'>tam,</span> <span class='ocrx_word' id='word_1_838' title='bbox 1193 5253 1299 5326; x_wconf 90' lang='lat' dir='ltr'>longam</span> <span class='ocrx_word' id='word_1_839' title='bbox 1318 5269 1398 5312; x_wconf 83' lang='lat' dir='ltr'>vocas</span> <span class='ocrx_word' id='word_1_840' title='bbox 1419 5255 1541 5325; x_wconf 87' lang='lat' dir='ltr'>brevem,</span> <span class='ocrx_word' id='word_1_841' title='bbox 1565 5273 1625 5328; x_wconf 82' lang='lat' dir='ltr'>quac</span> <span class='ocrx_word' id='word_1_842' title='bbox 1646 5267 1747 5315; x_wconf 77' lang='lat' dir='ltr'>naturae</span> <span class='ocrx_word' id='word_1_843' title='bbox 1767 5257 1828 5313; x_wconf 80' lang='lat' dir='ltr'>baec</span> <span class='ocrx_word' id='word_1_844' title='bbox 1847 5269 1900 5311; x_wconf 93' lang='lat' dir='ltr'>non</span> 
     </span>
    </p>
   </div>
   <div class='ocr_carea' id='block_1_6' title="bbox 1103 5391 1901 5751">
    <p class='ocr_par' dir='ltr' id='par_1_7' title="bbox 1135 5391 1682 5458">
     <span class='ocr_line' id='line_1_109' title="bbox 1135 5391 1682 5458; baseline 0.013 -18"><span class='ocrx_word' id='word_1_845' title='bbox 1135 5391 1145 5424; x_wconf 84' lang='lat'><strong>¹</strong></span> <span class='ocrx_word' id='word_1_846' title='bbox 1161 5397 1194 5442; x_wconf 89' lang='lat' dir='ltr'>tta</span> <span class='ocrx_word' id='word_1_847' title='bbox 1207 5392 1361 5442; x_wconf 83' lang='lat' dir='ltr'>carnotensis</span> <span class='ocrx_word' id='word_1_848' title='bbox 1371 5397 1411 5443; x_wconf 81' lang='grc' dir='ltr'>ιιι.</span> <span class='ocrx_word' id='word_1_849' title='bbox 1424 5398 1452 5443; x_wconf 82' lang='lat' dir='ltr'>at</span> <span class='ocrx_word' id='word_1_850' title='bbox 1463 5393 1531 5451; x_wconf 89' lang='lat' dir='ltr'>editt,</span> <span class='ocrx_word' id='word_1_851' title='bbox 1544 5393 1682 5458; x_wconf 74' lang='lat' dir='ltr'>memmio.</span> 
     </span>
    </p>

    <p class='ocr_par' dir='ltr' id='par_1_8' title="bbox 1103 5453 1901 5654">
     <span class='ocr_line' id='line_1_110' title="bbox 1135 5453 1901 5525; baseline 0.003 -23"><span class='ocrx_word' id='word_1_852' title='bbox 1135 5454 1145 5486; x_wconf 84' lang='lat'><strong>¹</strong></span> <span class='ocrx_word' id='word_1_853' title='bbox 1161 5455 1313 5525; x_wconf 75' lang='lat' dir='ltr'>carnotensis</span> <span class='ocrx_word' id='word_1_854' title='bbox 1323 5453 1411 5518; x_wconf 85' lang='lat' dir='ltr'>codex,</span> <span class='ocrx_word' id='word_1_855' title='bbox 1423 5457 1466 5506; x_wconf 82' lang='lat' dir='ltr'>scd</span> <span class='ocrx_word' id='word_1_856' title='bbox 1484 5453 1532 5507; x_wconf 80' lang='grc' dir='ltr'>ιιιιι</span> <span class='ocrx_word' id='word_1_857' title='bbox 1546 5453 1627 5520; x_wconf 58' lang='lat' dir='ltr'>watra</span> <span class='ocrx_word' id='word_1_858' title='bbox 1647 5455 1725 5520; x_wconf 72' lang='lat' dir='ltr'>facins</span> <span class='ocrx_word' id='word_1_859' title='bbox 1741 5457 1901 5520; x_wconf 72' lang='lat' dir='ltr'>tcapermttcs</span> 
     </span>
     <span class='ocr_line' id='line_1_111' title="bbox 1103 5513 1837 5652; baseline 0.005 -26"><span class='ocrx_word' id='word_1_860' title='bbox 1103 5513 1421 5652; x_wconf 40' lang='grc' dir='ltr'>ΜΙαξιίιυιὲὶιωιὲιιιιοιιιιιιι.</span> <span class='ocrx_word' id='word_1_861' title='bbox 1434 5584 1462 5628; x_wconf 85' lang='lat' dir='ltr'>tt</span> <span class='ocrx_word' id='word_1_862' title='bbox 1473 5578 1543 5630; x_wconf 85' lang='lat' dir='ltr'>editi:</span> <span class='ocrx_word' id='word_1_863' title='bbox 1553 5585 1588 5630; x_wconf 83' lang='lat' dir='ltr'>ltu</span> <span class='ocrx_word' id='word_1_864' title='bbox 1597 5579 1662 5630; x_wconf 83' lang='grc' dir='ltr'>ιιιιιιι</span> <span class='ocrx_word' id='word_1_865' title='bbox 1670 5577 1837 5640; x_wconf 66' lang='lat' dir='ltr'>dommim.</span> 
     </span>
    </p>

    <p class='ocr_par' dir='ltr' id='par_1_9' title="bbox 1134 5637 1898 5751">
     <span class='ocr_line' id='line_1_112' title="bbox 1134 5637 1898 5751; baseline 0.003 -63"><span class='ocrx_word' id='word_1_866' title='bbox 1134 5637 1170 5702; x_wconf 83' lang='grc' dir='ltr'>(ι)</span> <span class='ocrx_word' id='word_1_867' title='bbox 1182 5643 1259 5702; x_wconf 78' lang='lat' dir='ltr'>torte,</span> <span class='ocrx_word' id='word_1_868' title='bbox 1271 5637 1434 5702; x_wconf 55' lang='lat' dir='ltr'>calamum</span> <span class='ocrx_word' id='word_1_869' title='bbox 1444 5641 1526 5702; x_wconf 88' lang='lat' dir='ltr'>ltorcl,</span> <span class='ocrx_word' id='word_1_870' title='bbox 1540 5639 1658 5692; x_wconf 79' lang='lat' dir='ltr'>utentem.</span> <span class='ocrx_word' id='word_1_871' title='bbox 1669 5642 1817 5751; x_wconf 57' lang='lat' dir='ltr'>mdc-,pag</span> <span class='ocrx_word' id='word_1_872' title='bbox 1844 5637 1898 5690; x_wconf 83' lang='lat' dir='ltr'>too.</span> 
     </span>
    </p>
   </div>
   <div class='ocr_carea' id='block_1_7' title="bbox 1104 5759 1899 5956">
    <p class='ocr_par' dir='ltr' id='par_1_10' title="bbox 1104 5759 1899 5956">
     <span class='ocr_line' id='line_1_113' title="bbox 1133 5759 1899 5886; baseline 0.009 -74"><span class='ocrx_word' id='word_1_873' title='bbox 1133 5759 1172 5886; x_wconf 44' lang='lat' dir='ltr'>m</span> <span class='ocrx_word' id='word_1_874' title='bbox 1185 5767 1263 5822; x_wconf 70' lang='lat' dir='ltr'>rate,</span> <span class='ocrx_word' id='word_1_875' title='bbox 1275 5761 1401 5838; x_wconf 70' lang='lat' dir='ltr'>eqocabd,</span> <span class='ocrx_word' id='word_1_876' title='bbox 1409 5763 1506 5838; x_wconf 81' lang='lat' dir='ltr'>deleto,</span> <span class='ocrx_word' id='word_1_877' title='bbox 1518 5775 1573 5816; x_wconf 80' lang='lat' dir='ltr'>son.</span> <span class='ocrx_word' id='word_1_878' title='bbox 1626 5828 1632 5840; x_wconf 91' lang='lat'>.</span> <span class='ocrx_word' id='word_1_879' title='bbox 1719 5827 1725 5838; x_wconf 36' lang='grc' dir='ltr'>Ι</span> <span class='ocrx_word' id='word_1_880' title='bbox 1890 5833 1899 5851; x_wconf 46' lang='grc'><strong>.</strong></span> 
     </span>
     <span class='ocr_line' id='line_1_114' title="bbox 1104 5815 1899 5956; baseline 0.014 -87"><span class='ocrx_word' id='word_1_881' title='bbox 1104 5815 1899 5956; x_wconf 45' lang='lat' dir='ltr'>wmffilaeffltapmislblmmecmuclegmdm.</span> 
     </span>
    </p>
   </div>
   <div class='ocr_carea' id='block_1_8' title="bbox 0 0 2022 6326">
    <p class='ocr_par' dir='ltr' id='par_1_11' title="bbox 0 0 2022 6326">
     <span class='ocr_line' id='line_1_115' title="bbox 0 0 2022 6326; baseline 0 0"><span class='ocrx_word' id='word_1_882' title='bbox 0 0 2022 6326; x_wconf 95' lang='lat' dir='ltr'> </span> 
     </span>
    </p>
   </div>
  </div>
 </body>
</html>
