4034 6334
681 365 818 425 comma
836 356 998 421 rausrua
1017 350 1243 439 araldnlautr,
1263 359 1293 424 s.
1314 352 1499 428 abcusmrn

276 477 330 541 aori
342 480 502 556 lagabria
513 486 638 539 salmom
647 485 739 535 nostro
750 484 899 550 appareret,
912 475 964 533 tion
974 484 1068 548 qoem·
1122 477 1146 532 si
1162 478 1305 549 tartessia
1325 481 1409 536 saluar
1420 482 1480 550 erit,
1500 488 1615 553 paccatur
1636 490 1661 539 et
1670 482 1766 555 inpius
1782 486 1828 541 tiit
1838 501 1917 559 pare.

275 575 417 632 admodum
430 574 502 629 nulla
516 574 593 645 culpa
605 580 648 630 est
659 571 792 640 bominis,
811 571 834 626 sl
854 569 934 627 nollet
952 568 1003 625 sibl
1022 582 1068 625 ιο·
1121 570 1183 626 isat
1194 572 1217 644 (l
1229 571 1300 628 Pete.
1313 587 1356 641 rr,
1367 560 1418 639 i'l,
1434 572 1497 646 till
1510 574 1659 632 illacenim
1674 576 1833 650 intelligitur
1846 594 1916 651 qua-

275 679 359 742 gnare
377 676 537 739 quemquam
558 667 711 731 bominem,
724 665 761 721 ita
774 664 874 721 oollam
896 664 938 720 vel
956 674 1067 735 parm
1089 710 1092 716 .
1120 662 1202 720 modo
1214 679 1268 721 non
1283 672 1408 737 pareatur
1420 666 1528 737 impiis,
1543 674 1668 738 tanquam
1691 668 1833 726 sarmentis
1846 686 1919 741 prae·

275 776 336 821 esse
347 762 451 834 eulpam
465 770 526 817 eam
540 761 591 818 sibi
610 760 682 816 nolle
694 772 824 831 regnare,
840 758 866 814 in
886 757 962 829 cuius
983 756 1067 813 solita
1120 757 1184 815 cisls
1204 760 1238 817 arl
1260 762 1491 831 combustionem
1513 760 1619 833 quando
1638 762 1716 834 instb
1730 774 1783 820 non
1796 767 1918 837 parcitur

275 870 360 927 regno
371 862 461 922 recte,
472 854 566 921 beate,
582 862 740 923 semperque
751 852 858 908 aititur.
1120 860 1231 925 propter
1241 852 1431 924 perficiendam
1448 852 1644 925 purgationem.
1664 854 1731 910 Nam
1745 859 1772 911 et
1793 856 1853 928 ipse
1866 856 1918 913 Pc-

287 978 289 983 .
310 946 423 1003 caellt’
435 944 494 1002 H.
505 975 542 987 -
552 942 610 1001 iam
630 945 695 1001 illud
711 944 851 1010 ultimum,
867 941 937 1015 quod
952 942 1068 998 rausrus
1122 953 1178 1000 trus
1198 954 1310 1001 testalm
1321 946 1379 1002 bae
1393 943 1464 1003 llllus
1476 946 1610 1001 uoluntate
1624 947 1700 1014 beri,
1719 948 1764 1019 qrit
1782 948 1810 1003 in
1826 948 1916 1006 Libris

275 1040 373 1110 posuit,
386 1038 513 1093 insidians
524 1038 658 1095 realibus
674 1037 761 1094 Libris
774 1046 897 1107 tanquam
913 1036 1067 1105 vituperari·
1120 1038 1255 1094 veteribus
1267 1040 1320 1108 ait,
1333 1038 1391 1094 Noa
1406 1040 1525 1111 parcant,
1540 1054 1589 1094 nec
1602 1040 1690 1109 iusto,
1703 1048 1753 1095 nec
1766 1040 1916 1113 peccatori.

276 1132 346 1187 tibus
359 1130 453 1201 berno,
469 1132 540 1204 qttod
554 1132 669 1188 minetur
682 1131 817 1204 gladium,
832 1145 885 1201 quo
896 1129 994 1185 nemini
1006 1134 1068 1199 para
1121 1127 1190 1183 llicit
1203 1130 1273 1184 enirn
1293 1138 1319 1185 ct
1338 1132 1417 1203 ipse:
1434 1128 1527 1187 ileliae
1541 1138 1578 1187 ert
1588 1132 1650 1186 berre
1667 1132 1803 1204 indentes,
1823 1136 1848 1189 si
1857 1134 1918 1192 uelit

273 1230 326 1289 cat,
342 1236 392 1279 nec
403 1223 485 1294 Jrrstc,
499 1238 548 1280 nec
562 1224 713 1295 peccatori,
728 1232 789 1279 cum
804 1236 907 1294 pagano
921 1226 1068 1291 expauere·
1121 1218 1233 1291 Spiritus
1247 1220 1311 1287 Dei,
1331 1217 1400 1293 plati,
1415 1222 1490 1293 qiam
1506 1224 1573 1277 mala
1590 1223 1709 1292 [uciottes
1721 1223 1776 1298 (lut.
1791 1230 1839 1293 ln,
1858 1225 1915 1299 ii).

274 1323 318 1369 tur
332 1314 466 1386 quomodo
478 1316 660 1387 accipiendum
676 1316 719 1381 sit,
731 1315 852 1371 fortassis
866 1327 915 1369 nec
927 1312 1002 1368 iloto
1016 1322 1067 1368 nec
1120 1308 1187 1366 lium
1199 1324 1263 1382 ergo
1276 1314 1454 1368 errolantate
1464 1314 1577 1384 Spiritus
1592 1314 1784 1385 lie'ipatiuntar
1795 1316 1867 1374 bene
1877 1316 1917 1374 la-

274 1406 364 1464 ieterl
378 1402 548 1464 Testamenta
567 1410 720 1477 resisteret,
741 1406 819 1479 elque
839 1408 957 1477 placeret
975 1402 1069 1461 simili·
1119 1401 1240 1483 cientes,
1254 1415 1307 1457 noa
1319 1405 1436 1473 parcitur
1443 1403 1540 1478 iustis:
1552 1414 1613 1460 cam
1627 1414 1716 1463 autern
1729 1409 1800 1465 male
1814 1408 1917 1465 laeien-
1938 1396 1943 1405 ’

273 1499 338 1556 ludo
353 1502 505 1573 euangelica
518 1516 596 1573 ,quae
609 1502 685 1568 istis,
701 1500 746 1573 qui
758 1514 788 1557 sc
799 1500 959 1556 clrrlstianos
975 1498 1068 1553 baberi
1119 1494 1179 1561 tei,
1195 1508 1248 1549 noa
1262 1494 1379 1564 parcitur
1396 1496 1601 1565 peccatoribus:
1619 1497 1765 1553 secundum
1785 1498 1858 1555 ibius
1877 1508 1917 1556 ta-

272 1592 377 1657 rclunt,
389 1598 436 1647 aut
448 1595 621 1665 bonapparet
631 1592 758 1657 utcecis,
774 1594 820 1646 aut
831 1590 953 1661 deplicet
963 1596 1067 1661 otpere
1119 1592 1183 1643 me'n
1198 1587 1360 1643 voluntatem
1374 1586 1404 1645 it
1418 1595 1575 1659 utrumque,
1591 1590 1635 1661 qui
1650 1588 1700 1657 ait,
1711 1590 1769 1646 lion
1785 1595 1916 1663 paream,

273 1684 370 1740 versis.
387 1682 512 1740 Summus
524 1685 621 1755 quippe
643 1683 688 1739 ill'e
708 1682 769 1738 tltls
782 1684 896 1754 agricola
908 1682 997 1754 (idua.
1013 1696 1066 1749 ar,
1119 1676 1325 1750 amissiones
1341 1680 1491 1751 pcccatorl;
1505 1680 1579 1735 iliam
1593 1677 1753 1754 flagellando
1766 1690 1797 1738 ot
1810 1680 1916 1753 illium,

209 1834 217 1845 ,
273 1774 398 1847 ilaliter
413 1784 487 1847 parat
504 1776 597 1832 laleem
608 1776 750 1833 sarmentis
762 1774 921 1844 lruetuosis,
937 1774 1014 1831 aliter
1026 1774 1068 1830 in-

273 1866 417 1924 fructuosis
433 1887 440 1923 ε
456 1876 609 1925 tamennon
623 1869 718 1939 parcit,
731 1884 779 1924 noe
793 1867 893 1939 probis,
910 1882 959 1923 nec
972 1882 1067 1939 repro·

273 1962 325 2028 bis;
338 1962 388 2017 illis
402 1962 557 2035 purgandis,
573 1962 625 2019 illis
635 1948 812 2033 amputandis.
828 1961 921 2016 Nullus
936 1963 1008 2017 eninr
1018 1961 1067 2017 bo·

273 2054 374 2111 minora
390 2062 429 2109 est
443 2060 514 2111 tanta
524 2054 626 2125 iustitia
636 2053 781 2125 praeditas,
802 2053 844 2108 cui
860 2068 911 2108 non
924 2052 958 2109 ait
971 2068 1067 2109 noces-

272 2142 344 2201 sana
357 2144 468 2201 malado
488 2144 681 2211 tribulationis,
698 2145 737 2200 rel
752 2144 785 2199 ad
804 2142 1011 2214 perficiendam,
1025 2145 1068 2199 rel

272 2236 306 2291 ad
326 2234 549 2303 conlirmandam,
563 2237 605 2292 rel
618 2236 651 2292 ad
671 2234 835 2307 probandam
852 2240 975 2291 virtutem
992 2248 999 2287 :
1015 2235 1067 2290 nist

1118 1770 1196 1827 illum
1206 1772 1342 1842 punicrtdo
1355 1775 1384 1827 ul
1398 1771 1521 1841 implum.

1155 1865 1268 1923 carim
1279 1864 1352 1922 dxl.-
1366 1892 1403 1908 -
1414 1866 1484 1923 Ecce
1498 1865 1611 1935 ostendi,
1625 1876 1754 1940 quantum
1768 1870 1855 1941 potui,
1868 1886 1917 1928 nos

1120 1973 1174 2014 non
1195 1960 1286 2015 colere
1300 1967 1435 2016 versatum
1455 1973 1488 2017 ex
1511 1968 1612 2017 aeterno
1627 1961 1654 2017 ln
1676 1961 1794 2019 tenebris
1808 1964 1916 2032 lieum3

1120 2050 1167 2106 sed
1181 2063 1241 2106 eum
1253 2050 1298 2121 qul
1310 2050 1355 2106 lux
1372 2060 1429 2119 est,
1443 2061 1470 2108 et
1489 2052 1608 2109 tenebrae
1620 2053 1646 2108 in
1660 2068 1694 2110 eo
1706 2068 1760 2110 non
1777 2063 1840 2112 sunt
1854 2056 1918 2112 ulle

1122 2140 1231 2215 (licea.
1249 2156 1267 2211 r,
1281 2142 1322 2217 5),
1331 2150 1412 2214 atque
1426 2144 1453 2197 in
1466 2158 1496 2200 se
1509 2142 1567 2215 ipso
1579 2144 1681 2201 habitat
1695 2145 1780 2201 lucem
1794 2148 1918 2204 inacces-

1119 2233 1225 2290 sibilem
1240 2233 1263 2305 (l
1277 2232 1343 2289 Tim.
1366 2248 1410 2302 rr,
1426 2234 1486 2307 tt),
1511 2236 1588 2306 cujus
1608 2236 1675 2293 lucis
1693 2246 1802 2295 aeternae
1814 2238 1919 2296 candor

272 2326 340 2384 lurte
359 2342 409 2385 nec
432 2328 542 2385 Paulum
564 2328 607 2384 isti
621 2329 770 2399 apostolum
791 2329 860 2384 lnter
873 2329 959 2399 justos
974 2340 1068 2383 arime—
1121 2333 1162 2383 est
1181 2334 1312 2383 coeterna
1327 2326 1461 2399 Sapientia
1477 2327 1554 2403 (Sap.
1574 2341 1628 2397 ra,
1650 2325 1707 2405 ib).
1723 2330 1777 2387 llee
1797 2333 1867 2388 lucis
1882 2333 1918 2387 in·

272 2424 349 2490 lant,
364 2422 410 2493 qui
423 2422 544 2493 quamvis
556 2422 692 2478 hdrrrilitcr
705 2432 732 2478 et
745 2421 875 2477 ueraciter
886 2432 933 2476 sua
953 2430 1067 2492 praeter·
1120 2422 1235 2493 opinatae
1245 2419 1433 2477 admiratorem
1449 2422 1515 2478 :sed
1531 2422 1599 2478 lueis
1613 2423 1688 2479 laetae
1701 2432 1870 2493 creatorem,
1888 2433 1921 2481 ut

272 2515 311 2571 ita
340 2522 449 2586 peecata
463 2513 594 2584 ineatur,
612 2520 700 2571 lamen
721 2528 751 2570 se
772 2528 805 2569 ex
822 2511 875 2569 ilde
890 2511 954 2568 lesu
968 2511 1067 2568 Christi
1120 2514 1293 2580 subsisteretq
1305 2514 1510 2585 approbatorem
1522 2556 1529 2583 ,
1541 2522 1571 2570 ut
1584 2524 1713 2572 maneret.
1724 2514 1780 2573 ileo
1794 2516 1921 2587 ignaram

268 2605 443 2679 lustibcatum
462 2606 560 2678 gratias
577 2605 631 2677 agit
645 2602 666 2678 (l
680 2604 746 2659 Tim.
770 2618 794 2672 r,
812 2604 868 2676 ld).
884 2602 925 2659 An
946 2616 1012 2658 tera
1027 2602 1067 2658 illi
1119 2604 1203 2663 loturi
1218 2627 1225 2662 ι
1238 2606 1285 2664 sed
1307 2606 1489 2664 mandatorem
1513 2610 1657 2681 praecepti,
1683 2617 1710 2666 et
1730 2611 1921 2667 damnatorem

272 2698 399 2771 parcebat
416 2698 480 2768 ille,
502 2713 582 2769 quenr
596 2698 657 2754 rani
671 2713 723 2754 noa
738 2698 890 2768 intelligunt
912 2696 1065 2763 dicentem,
1120 2700 1226 2767 delictl;
1249 2709 1278 2757 ut
1291 2700 1420 2758 adversus
1433 2694 1643 2758 inobedientiam
1655 2704 1726 2773 iuste
1740 2701 1845 2775 prolata
1863 2705 1923 2761 rin

272 2788 332 2845 lion
347 2798 464 2860 paream,
480 2804 530 2847 nec
541 2790 632 2861 justo,
647 2804 697 2846 uec
708 2789 860 2861 peccatori?
874 2789 991 2845 Audierit
1002 2802 1067 2859 ergo
1119 2794 1190 2851 dicta
1204 2804 1350 2865 praesentes
1364 2804 1518 2865 coerceret,
1538 2794 1694 2869 futurosque
1714 2804 1838 2854 terreret.
1863 2798 1923 2855 Nec

227 2884 228 2887 ’
272 2882 360 2954 ipsum
373 2898 381 2943 t
394 2882 430 2937 m
442 2900 474 2938 aa
486 2884 669 2955 ineptitudine,
681 2883 781 2955 inquit,
795 2882 974 2937 revelationum
982 2882 1067 2937 estol·
1120 2886 1297 2958 improvidum
1307 2888 1451 2943 nesciendo
1464 2896 1627 2958 querentem
1648 2908 1655 2944 ε
1668 2888 1715 2944 sed
1728 2866 1922 2961 iirterrogando

272 2974 328 3044 lar,
342 2976 417 3041 dalqa
427 2982 463 3031 est
473 2976 536 3031 mibi
544 2974 663 3031 stimulas
676 2974 769 3041 carnia,
780 2975 886 3045 arrqelus
899 2982 1011 3041 satane,
1024 2974 1067 3045 qai
1117 2976 1292 3049 judicantem.
1306 2977 1360 3035 aee
1375 2978 1493 3035 invidum
1507 2992 1539 3035 ac
1552 2980 1689 3035 titirentem
1700 2980 1761 3036 used
1773 2982 1808 3035 ab
1817 2989 1922 3037 aelerna

272 3078 313 3123 tue
325 3066 465 3141 colaphizet
482 3082 492 3124 a
512 3074 615 3141 propter
633 3068 701 3140 qaod
720 3076 756 3123 ter
768 3066 907 3121 Bomitllm
918 3066 1006 3137 rodeli
1018 3108 1026 3133 ‚
1039 3075 1067 3122 tt
1120 3074 1184 3138 rita,
1200 3072 1339 3145 quaejnste
1353 3072 1488 3129 obedienti
1499 3072 1586 3142 datur,
1600 3075 1833 3145 praevaricatorem
1845 3074 1924 3145 iuste

272 3164 451 3235 defeneratum
464 3176 480 3217 o
492 3174 541 3230 me,
553 3160 651 3217 etaliait
662 3160 725 3215 aiibi
736 3158 842 3231 :aspicit
854 3156 898 3213 rttt
907 3158 990 3231 qratia
999 3172 1068 3224 meu,

272 3268 333 3312 aum
345 3244 425 3312 air‘tm
436 3256 463 3311 ia
481 3255 630 3327 infirmitate
649 3255 778 3326 perficitur
793 3252 831 3326 (ll
846 3252 904 3309 Cor.
923 3268 979 3320 xri,
1000 3250 1065 3324 7-9).

272 3350 343 3407 Ecce
353 3364 403 3407 nec
418 3350 492 3421 justo
504 3346 646 3421 parcebat,
661 3356 691 3402 ut
705 3347 761 3417 ejus
774 3346 903 3401 uirtutem
912 3344 939 3399 in
953 3342 1067 3399 indrnrl-

273 3441 327 3497 late
338 3440 488 3513 perliceret,
501 3440 547 3512 qui
558 3440 584 3497 ci
594 3438 706 3497 dederat
716 3436 926 3507 colaphizantem
944 3433 1067 3505 angeium

273 3546 392 3591 salariae:
409 3534 458 3590 nisi
476 3534 564 3591 dicitis
582 3534 653 3606 quod
668 3548 729 3591 eum
744 3530 866 3588 diabolus
880 3528 992 3587 dederit.
1010 3528 1068 3584 lila-

271 3624 356 3699 boltis
375 3631 439 3699 erg'o
463 3626 575 3699 agebat,
602 3640 637 3683 ne
661 3624 843 3697 magnitudine
872 3624 1067 3679 revelationum

271 3716 370 3775 mutua
394 3718 580 3786 extolleretur,
604 3726 632 3774 et
650 3722 679 3773 ut
698 3718 783 3773 virtus'
804 3716 862 3788 ejus
884 3716 1066 3789 perliceretur.

272 3810 337 3879 Quis
348 3810 400 3866 boc
410 3810 523 3867 dixeritl
533 3808 574 3866 lb
586 3810 632 3866 lllo
644 3810 724 3882 igitur
733 3810 845 3866 traditus
856 3816 912 3865 crat
922 3808 1011 3880 justus
1023 3820 1068 3863 co·

273 3902 446 3974 lapbiiandus
461 3905 555 3973 angelo
572 3912 688 3971 satanae,
704 3905 749 3975 qai
764 3906 811 3974 pei
824 3918 884 3959 eum
908 3902 1029 3958 tradebat
1041 3908 1068 3958 et

167 4038 172 4048 .
274 3995 387 4071 injustos
399 3993 449 4064 ipsi
464 4004 563 4050 satanae
578 4012 585 4049 :
601 3994 742 4065 dequibus
755 3994 825 4049 ldem
839 3994 914 4061 dicit,
932 3994 1001 4063 Quos
1014 4001 1068 4047 tra·

275 4086 329 4143 sim
340 4093 452 4155 saluae,
463 4094 490 4141 at
503 4086 603 4143 drscual
613 4100 663 4142 aon
677 4088 850 4157 blasphemare
862 4086 881 4158 (1
893 4086 960 4141 Tiua
972 4102 980 4142 ι
990 4128 998 4152 ,
1008 4083 1066 4159 Ξθ).

275 4178 369 4237 iamne
384 4178 531 4251 intelligitis
548 4174 682 4248 qudm'odo
694 4178 738 4234 illc
751 4174 866 4246 desuper
886 4194 939 4232 non
957 4184 1066 4248 parcat,

183 4287 185 4291 ’
275 4272 414 4342 aeciusto,
430 4282 481 4327 uec
495 4270 645 4342 peccatori?
657 4270 697 4325 dn
711 4270 771 4340 quia
788 4270 840 4324 illie
856 4268 959 4338 gladius
980 4268 1068 4323 nomi·

274 4373 352 4421 natas
365 4374 423 4432 est,
438 4364 553 4437 amplius
566 4362 770 4419 exhorrescitis?
790 4364 870 4419 aliod
884 4370 924 4419 est
938 4362 1009 4419 enim
1022 4378 1069 4419 co-

275 4456 403 4529 lapbizarl
415 4500 422 4526 ,
436 4458 506 4514 aliud
520 4454 616 4514 occidi.
632 4454 712 4526 Quasi
727 4472 790 4514 vero
805 4472 857 4512 non
871 4456 984 4513 dirersis
997 4467 1069 4512 mor·

277 4548 342 4605 lium
357 4550 503 4621 generibus
519 4560 650 4622 prostrata
671 4551 724 4607 sint
741 4554 886 4623 martyrum
901 4548 999 4619 millia,
1023 4560 1070 4607 aut

277 4644 329 4699 boc
341 4658 433 4700 revera
453 4647 640 4714 persecdtores
661 4644 687 4699 in
703 4652 833 4713 potestate
853 4644 998 4710 baberent,
1017 4644 1068 4701 nisi

276 4739 317 4795 eis
329 4738 445 4811 desuper
454 4738 514 4793 data
528 4744 598 4793 essct
612 4738 646 4793 ab
658 4736 704 4792 illo
714 4738 759 4807 qui
770 4738 853 4803 dixit,
870 4736 928 4792 Non
941 4752 1067 4809 parcam,

275 4846 326 4889 nec
338 4834 410 4903 lusto
420 4871 427 4896 ‚
439 4844 487 4887 nec
500 4831 652 4901 pcccatorl;
675 4844 735 4886 curn
760 4831 815 4901 ipse
829 4830 956 4886 bomiaos
970 4840 1069 4903 marty-

277 4938 343 4989 rum,
359 4924 402 4980 cui
415 4916 504 4979 irtio·
521 4922 624 4993 proprio
635 4938 686 4976 nort
700 4922 811 4993 pepercit
825 4917 912 4992 (lione
927 4934 989 4989 vm,
1004 4920 1067 4993 ΒΞ),

275 5011 445 5085 apertissime
459 5012 545 5069 artato
560 5013 640 5080 dicat,
658 5010 719 5067 Noa
741 5012 844 5066 baberet
866 5010 892 5066 ia
905 5025 946 5066 me
959 5017 1070 5083 potesta·

276 5116 336 5174 terra,
352 5106 401 5163 nisi
421 5104 482 5161 duta
501 5106 545 5162 tibi
559 5114 621 5161 esset
635 5106 743 5177 desurper
758 5103 847 5170 (Joarr.
865 5120 928 5173 arx,
946 5104 1002 5178 ll).
1017 5104 1070 5162 iias

276 5201 684 5271 pressuraspersecutionesque
695 5197 827 5266 justorum
841 5196 905 5251 dicit
919 5196 989 5253 idem
1002 5196 1071 5253 Paa-

278 5293 318 5346 lus
330 5292 482 5361 exemplum
505 5299 566 5346 esse
587 5288 679 5360 judicii
696 5288 740 5343 liei
757 5286 790 5360 (ll
804 5284 891 5342 Thess.
915 5303 938 5353 r,
952 5288 991 5360 b).
1006 5290 1071 5355 Qne

278 5382 410 5437 sententia
420 5383 499 5438 latius
513 5382 546 5437 ab
557 5381 678 5453 apostolo
691 5380 770 5436 Petro
784 5378 981 5445 manifestatur,
1004 5381 1072 5437 sicut

278 5485 357 5542 supra
368 5474 584 5543 commemoravi,
599 5474 642 5530 ubi
657 5474 709 5541 ait,
726 5482 822 5545 tempas
839 5488 898 5528 csse
912 5471 1073 5543 tttjrrdiciuat

276 5566 411 5645 'tacipiala
425 5566 499 5621 doato
510 5564 624 5623 bearat.
638 5566 671 5623 Et
681 5567 703 5623 si
712 5567 831 5635 initiam,
849 5566 945 5637 inquil,
960 5582 975 5620 tt
990 5568 1071 5636 nobis,

277 5658 362 5735 spiclis
375 5658 436 5731 pletis
448 5660 494 5715 erit
506 5658 542 5715 sit
554 5658 597 5732 qltl
612 5654 662 5717 noa
678 5660 783 5717 credant
795 5656 844 5715 aa
860 5656 1021 5731 Evangelio?
1040 5658 1074 5715 lte

277 5794 323 5907 ug
337 5791 545 5861 am.,qta'ttrt'lio.
557 5799 596 5845 lic.
609 5800 712 5858 elbon,
723 5792 766 5859 qui
782 5792 855 5849 silio.
873 5796 1025 5862 crsbgautru
1041 5809 1074 5849 ex

1119 3163 1316 3235 prohibentem.
1334 3161 1389 3220 lieo
1410 3165 1546 3235 sanguinis
1566 3171 1593 3221 et
1615 3164 1700 3235 adipis
1721 3170 1922 3239 appetentem:

1120 3256 1167 3313 sed
1183 3256 1285 3311 carnali
1298 3256 1397 3327 populo
1410 3258 1535 3327 congruis
1548 3257 1686 3314 sacrilleiis
1700 3256 1851 3329 impositis,
1871 3275 1925 3331 per

1121 3349 1249 3420 quasdam
1277 3347 1374 3421 liguras
1400 3354 1492 3404 rerum
1517 3350 1677 3407 sacrificium
1701 3350 1921 3424 promittentem.

1120 3442 1176 3499 Nec
1187 3442 1267 3498 livida
1288 3442 1503 3514 perturbatione,
1518 3442 1565 3499 sed
1581 3444 1722 3515 tranquilla
1740 3443 1862 3502 bonitate
1874 3462 1925 3502 ze-

1118 3535 1237 3601 labtcm,
1257 3549 1290 3591 ne
1311 3535 1356 3590 uni
1375 3534 1431 3591 lieo
1450 3532 1550 3592 debens
1571 3535 1659 3591 anima
1679 3536 1848 3605 castitatem,
1870 3554 1924 3609 per

1121 3620 1219 3682 maltos
1235 3625 1316 3682 falsos
1328 3632 1453 3699 corrupta
1466 3635 1493 3683 et
1506 3629 1647 3699 prostituta
1663 3636 1792 3703 turpetur.
1808 3628 1865 3686 Nec
1878 3630 1924 3687 ira

1119 3718 1195 3775 velut
1210 3717 1342 3784 bantana,
1359 3716 1464 3795 turbide
1483 3718 1647 3788 saevientem
1668 3720 1778 3776 sedulia
1791 3718 1883 3777 diuina
1902 3724 1922 3791 ¹,

1120 3812 1215 3867 serere
1226 3808 1297 3881 iusta
1310 3810 1518 3880 retribuentem,
1529 3826 1588 3883 quae
1602 3827 1654 3867 noa
1667 3810 1776 3883 propter
1788 3808 1925 3869 uleiscen-

1120 3902 1149 3959 di
1169 3902 1324 3972 libidinem,
1346 3900 1393 3958 sed
1414 3912 1523 3974 propter
1540 3902 1679 3973 judicandi
1700 3904 1817 3975 rigorem
1841 3915 1924 3962 certo

1121 4008 1171 4052 usu
1188 3994 1331 4051 locutionis
1346 3997 1386 4050 ira
1405 3994 1566 4049 nominatur.
1581 3992 1636 4049 Nec
1656 3994 1691 4051 ob
1705 3994 1773 4049 levia
1787 3996 1828 4051 rel
1845 3998 1924 4053 nulla

1121 4088 1265 4143 commissa
1282 4084 1421 4145 bominum
1437 4086 1518 4142 millia
1539 4086 1713 4158 perimentem
1730 4086 1798 4143 :sed
1817 4092 1923 4162 aequis·

1121 4178 1190 4233 simo
1211 4179 1333 4234 examine
1347 4192 1396 4249 per
1412 4177 1571 4248 temporales
1583 4178 1736 4233 mortalium
1752 4187 1855 4236 mortes
1871 4182 1926 4237 uti·

1121 4270 1223 4326 litatem
1239 4271 1341 4326 timoris
1352 4272 1392 4325 sul
1407 4270 1511 4340 populis
1524 4252 1715 4342 imponentem.
1728 4269 1782 4326 llec
1795 4270 1856 4328 siae
1867 4272 1927 4330 ullo

1121 4360 1227 4419 delectu
1239 4375 1309 4419 caeca
1321 4362 1478 4418 conlusione
1490 4362 1792 4434 justospeocatoresque
1802 4366 1926 4435 punien-

1121 4462 1176 4512 tem
1192 4456 1261 4513 :sed
1278 4454 1358 4528 justis
1371 4454 1505 4512 salubrem
1520 4464 1716 4527 correptionem
1729 4465 1840 4531 propter
1856 4476 1926 4531 per·

1121 4548 1280 4617 lectionem,
1303 4549 1474 4620 peccantibus
1497 4557 1587 4606 autem
1606 4546 1725 4607 debitam
1746 4552 1927 4612 severitatem

1122 4655 1231 4719 propter
1244 4644 1395 4716 aequitatem
1410 4639 1625 4701 distribuentem.
1637 4642 1715 4701 Unde
1728 4660 1777 4701 ros
1787 4657 1925 4717 apparet,

1122 4734 1275 4802 llarricbaei,
1289 4734 1484 4808 suspicionibus
1506 4737 1602 4794 vestris
1616 4753 1676 4794 esse
1687 4736 1833 4809 deceptos,
1859 4756 1927 4797 eum

1122 4830 1191 4885 male
1206 4824 1378 4902 intelligendo
1389 4827 1540 4901 Scripturas
1551 4840 1667 4898 nostras,
1681 4830 1724 4887 tol
1737 4830 1821 4887 malos
1835 4828 1928 4889 intel·

1122 4920 1236 4978 lectores
1248 4920 1427 4993 experiendo,
1441 4921 1506 4979 laisa
1522 4919 1560 4978 de
1572 4922 1716 4979 Catholicis
1736 4922 1847 4979 creditis
1861 4942 1870 4992 ;
1895 4941 1931 4982 ac

1123 5016 1161 5072 sic
1174 5016 1267 5072 relicta
1282 5031 1346 5071 sana
1359 5014 1497 5085 doctrina,
1509 5015 1632 5072 conversi
1646 5015 1679 5071 ad
1693 5011 1835 5087 sacrilegas
1851 5014 1933 5077 labu-

1122 5108 1173 5175 las,
1187 5107 1349 5179 cliniumque
1358 5107 1478 5177 perversi
1490 5116 1518 5163 ct
1530 5106 1636 5163 alienati
1647 5122 1663 5161 a
1674 5105 1800 5162 societate
1813 5119 1933 5165 sancto·

1122 5214 1201 5264 rum,
1224 5212 1275 5254 nec
1294 5214 1328 5253 ex
1341 5196 1416 5253 Novo
1430 5193 1602 5255 Testamento
1614 5198 1712 5270 corrigi
1731 5196 1826 5265 vultis,
1850 5199 1934 5257 unde

1124 5290 1186 5347 talia
1201 5290 1376 5362 proterimus,
1390 5287 1479 5362 qualia
1500 5291 1526 5345 in
1539 5290 1636 5347 Vetere
1656 5290 1777 5363 arguitis.
1798 5288 1885 5346 Unde
1902 5290 1936 5347 fit

1124 5392 1154 5437 ut
1168 5381 1295 5439 adsersus
1314 5396 1379 5446 ros,
1394 5381 1463 5437 sieut
1477 5381 1608 5439 aduersus
1626 5382 1764 5457 Paganos,
1778 5390 1936 5457 utrumque

1124 5476 1324 5532 'lestanrentum
1337 5471 1482 5530 defendere
1501 5475 1705 5547 compellamur.

1161 5561 1273 5625 corbi
1288 5561 1371 5621 lixit.
1386 5562 1577 5639 -Sedlacire
1598 5559 1713 5638 aliqae'm
1727 5579 1838 5638 prorsus
1859 5581 1935 5624 car-

1126 5660 1221 5717 naliter
1234 5656 1269 5715 ita
1282 5656 1478 5731 desipientem,
1497 5668 1527 5715 ut
1540 5658 1626 5716 ileum
1649 5658 1727 5729 eolat,
1743 5673 1798 5714 non
1813 5658 1938 5731 qualern

1160 5836 1665 5922 *ιιιιιιιιιιιιειοιιιιιιιιιιι,’ιιιιιιιιιιιιοΑ
