4034 6334
253 405 306 470 sat
811 393 858 452 lili
876 387 1073 460 antilioli,
1092 387 1123 445 S.
1143 386 1325 450 accusatur
1840 385 1901 456 Μ.
2010 391 2011 452 r

251 521 360 580 humori
373 520 562 593 adjungeretur
575 513 700 585 annulus,
719 527 752 572 eo
764 511 885 570 detracto
898 507 966 566 nilril
981 503 1050 566 irua-
1102 505 1203 564 llorum
1214 509 1338 580 primurn,
1349 508 1377 565 id
1390 517 1441 578 est,
1457 521 1500 568 ree
1513 509 1571 582 ipsa
1584 510 1696 570 epm,
1708 527 1762 571 Μ
1774 514 1897 585 „qm
2010 481 2011 548 l

253 607 625 685 qinisapparcretruecideo
635 598 1051 662 tamendiscernererationon¹
1100 600 1578 674 adanimantisnaturaur,nisicuur
1590 617 1821 678 corpusnostrum
1834 623 1898 665 eer-
2010 643 2011 646 =

252 705 371 773 deberet,
383 703 465 760 luisse
476 704 503 758 in
513 701 560 760 illo
570 702 692 769 humore,
702 708 843 770 antequam
853 696 1049 763 detraheretur,
1100 692 1198 750 nimus.
1219 693 1340 750 atterum
1361 702 1449 752 εειειε
1473 695 1510 752 ita
1531 697 1663 767 pertinet,
1685 697 1758 756 utin
1779 713 1897 772 corpore

252 796 344 852 annuli
358 794 470 851 sormam
486 793 583 849 lactum
604 808 638 849 ex
658 791 757 848 annulo
768 831 776 858 ,
789 805 848 862 quse
862 787 1050 860 distinguenda
1101 787 1147 844 liat
1158 829 1166 854 ,
1178 796 1206 844 et
1226 803 1275 860 per
1288 803 1386 862 corpus
1399 790 1426 846 in
1438 791 1527 848 anima
1543 791 1593 848 :iit
1605 791 1725 849 enimin
1738 805 1831 859 εεεεε,
1848 791 1896 864 qni

250 898 294 948 est
307 889 341 944 ab
354 902 385 943 ea
400 887 491 943 lorma
513 901 573 959 quae
587 887 615 942 in
629 886 728 942 annulo
748 893 805 949 est,
827 883 901 939 unde
914 881 965 940 ista
978 881 1049 938 lucta
1101 895 1188 952 nequo
1200 881 1385 954 sinecorpore
1402 892 1564 956 est,neque
1580 884 1640 940 aine
1657 884 1757 942 anima.
1773 883 1896 940 Tertium

250 989 293 1038 εει
304 996 365 1052 qure
378 979 499 1036 detracto
520 979 620 1034 annrrlo
641 992 695 1034 non
715 975 784 1043 erit,
806 974 928 1046 quamvis
949 973 995 1029 illa
1021 971 1049 1031 ln
1101 988 1165 1031 vero
1176 975 1258 1032 solius
1270 975 1366 1032 auinue
1376 983 1436 1044 εει,
1451 976 1513 1047 qula
1526 975 1652 1032 veluntas
1666 983 1718 1033 eut.
1731 975 1798 1033 Cam
1813 977 1895 1048 igitur

250 1073 351 1131 annulo
364 1082 472 1130 nrnncat
485 1071 555 1129 ande
569 1071 621 1130 ista
639 1067 708 1127 laeta
721 1077 774 1126 est.
787 1068 832 1126 Sic
845 1081 940 1124 sensus
954 1064 1049 1124 oculo·
1100 1065 1196 1122 bomar
1209 1068 1289 1126 trium
1304 1077 1357 1125 tam
1375 1069 1490 1126 circae
1510 1069 1666 1126 mbstantiae
1679 1068 1751 1136 siat,
1763 1077 1855 1124 tamen
1868 1069 1896 1123 in

248 1163 734 1233 runrnouideononlrabctimaqinem
740 1149 1048 1232 corporisquodvidetur
1100 1165 1199 1215 ιεειεει
1214 1168 1311 1217 cocum
1331 1159 1475 1229 unitatem,
1492 1170 1522 1217 ut
1539 1160 1594 1218 duo
1609 1160 1699 1232 priora
1713 1162 1759 1216 vix
1776 1160 1896 1216 interce-

249 1258 375 1332 quamdiu
392 1257 507 1326 videtur,
519 1256 581 1327 quia
602 1269 636 1311 eo
649 1254 768 1310 detracto
789 1258 984 1310 nonremanet.
1008 1250 1050 1308 Ac
1099 1249 1179 1306 dente
1199 1250 1289 1321 judice
1305 1253 1410 1310 ratione
1424 1253 1542 1310 discerni
1555 1253 1682 1324 valeant,
1696 1253 1800 1334 species
1818 1252 1896 1309 vide·
1959 1291 1967 1306 .

250 1364 299 1421 per
312 1349 364 1406 lroc
375 1348 536 1406 tardioribus
549 1346 661 1419 ingeniis
670 1345 825 1400 dillicillimo
833 1341 987 1416 persuaderi
1001 1356 1049 1414 po-
1098 1341 1161 1400 licet
1180 1344 1301 1415 corporis
1314 1345 1386 1416 quod
1400 1346 1514 1414 ridetur,
1529 1355 1558 1403 ει
1574 1349 1662 1420 imago
1678 1347 1737 1418 elus
1748 1361 1809 1421 quae
1820 1347 1852 1404 it
1866 1346 1895 1404 in

253 1449 319 1511 test,
333 1443 441 1500 iormari
465 1441 493 1498 in
504 1453 585 1498 sensu
605 1447 699 1496 nostro
712 1436 853 1509 imaginem
866 1437 906 1493 rei
917 1434 1046 1503 visibilis,
1098 1449 1190 1507 sensa,
1203 1436 1304 1504 idest,
1317 1437 1393 1494 visio.
1408 1438 1538 1495 Voluntas
1559 1449 1649 1496 autem
1662 1447 1762 1496 tentam
1774 1440 1832 1495 viru
1846 1437 1896 1521 ¹¹²3

249 1549 312 1594 cum
323 1550 382 1592 eam
392 1533 525 1602 videmus,
533 1541 562 1590 ει
573 1529 694 1588 camdem
708 1528 822 1586 formam
831 1541 892 1591 esse
904 1527 1046 1584 visionem.
1099 1527 1144 1586 bet
1155 1529 1298 1600 copulandi
1310 1529 1369 1587 lrrec
1381 1530 1445 1599 duo,
1461 1541 1491 1588 ει
1503 1540 1531 1590 ει
1544 1544 1652 1590 sensum
1667 1533 1836 1590 formandum
1850 1531 1894 1590 ad

286 1629 314 1686 d.
327 1627 381 1685 Sed
394 1626 439 1699 qui
458 1625 530 1684 icrvc
541 1623 707 1684 adverterint
721 1621 794 1695 quod
806 1620 1046 1690 commemorabo,
1099 1631 1208 1682 moveat
1217 1624 1242 1679 ei
1255 1625 1294 1682 rei
1307 1640 1367 1696 quae
1375 1627 1504 1693 cernitur,
1517 1626 1580 1682 etin
1590 1639 1622 1683 ea
1634 1627 1777 1684 ιεειεειεεε
1790 1635 1893 1685 teneat.

250 1733 305 1776 non
320 1720 357 1776 ita
378 1720 406 1774 in
431 1716 481 1774 lrac
504 1716 674 1788 inquisitione
695 1713 864 1772 laborabunt.
886 1713 1048 1783 Plerumque
1098 1713 1133 1772 Et
1147 1716 1170 1772 ei
1184 1725 1236 1772 tarn
1252 1717 1367 1774 violenta
1380 1725 1433 1786 εει,
1448 1727 1478 1774 ει
1491 1720 1577 1791 possit
1587 1721 1677 1776 vocari
1687 1735 1773 1788 amor,
1787 1729 1834 1777 εει
1846 1733 1894 1779 (ει-

250 1826 313 1871 cum
332 1809 454 1867 diuscule
474 1808 667 1867 atoerrderimus
699 1821 815 1880 querque
837 1805 996 1874 luminaria,
1021 1812 1049 1861 et
1099 1805 1206 1876 piditas,
1221 1805 1379 1877 autlibido,
1394 1808 1475 1866 edam
1497 1818 1623 1868 caeterum
1636 1825 1734 1883 corpus
1747 1812 1894 1870 animantis

252 1901 350 1960 deinde
374 1901 466 1960 oculos
479 1901 670 1969 clauserimus,
685 1902 761 1970 quasi
777 1906 919 1955 versantur
932 1898 960 1952 ln
979 1911 1046 1952 con·
1097 1895 1272 1956 vehementer
1282 1898 1383 1957 allicit:
1397 1910 1425 1957 et
1438 1901 1482 1958 ubl
1496 1915 1550 1958 non
1563 1903 1665 1960 resistit
1676 1903 1894 1976 pigriordmior·

159 1993 165 2002 '
250 2006 344 2070 spectu
357 1996 464 2069 quidam
478 1994 558 2052 lucidi
567 1994 673 2052 colores
686 1993 760 2049 varie
769 2005 830 2048 sese
839 1999 1046 2060 commutantes,
1098 2004 1151 2060 que
1163 1993 1306 2060 materies,
1321 1995 1349 2048 in
1362 1993 1478 2051 similent
1490 1997 1607 2067 swciem
1628 1997 1800 2070 eolorunque
1814 2012 1893 2055 com·

251 2097 280 2148 et
291 2088 380 2145 minus
402 2087 545 2159 minusque
557 2085 708 2158 lulqentes,
730 2084 817 2140 donec
843 2083 954 2140 omnino
976 2081 1048 2138 desi-
1098 2091 1193 2138 mutat.
1215 2084 1290 2143 licet
1310 2086 1404 2144 videre
1426 2090 1613 2159 corpusculum
1636 2089 1839 2148 chameleontis
1857 2087 1893 2148 ad

250 2189 324 2238 stam
337 2197 344 2235 :
359 2194 427 2252 quos
447 2178 647 2250 intelligendum
661 2184 704 2234 est
723 2175 849 2248 reliquias
870 2189 930 2232 εεεε
953 2173 1048 2232 forme
1097 2174 1218 2258 colores.
1236 2190 1302 2247 quos
1325 2177 1396 2234 videt
1423 2177 1548 2236 facillima
1585 2180 1760 2238 conversione
1781 2181 1893 2238 vanam.

251 2273 323 2330 illius
336 2288 396 2344 qum
419 2272 489 2329 ιεειε
510 2281 575 2330 crat·
590 2272 618 2328 in
633 2285 731 2336 sensu,
746 2284 808 2326 eum
820 2268 1047 2340 corpuslucidura
1097 2265 1218 2322 Aliorum
1238 2277 1327 2324 autem
1349 2269 1503 2326 animalium
1528 2272 1589 2343 quia
1609 2287 1663 2328 non
1675 2272 1764 2330 estad
1777 2287 1892 2331 conum-
1990 2289 1997 2311 ·

251 2366 398 2434 videretur,
422 2365 604 2438 paulatimque
624 2371 653 2421 et
672 2362 789 2435 quodam
810 2361 894 2418 modo
914 2361 1048 2433 gradatim
1097 2357 1200 2415 sionem
1215 2359 1300 2417 iacilis
1314 2360 1500 2433 corpulentia,
1514 2361 1752 2437 letusplerumque
1771 2365 1894 2438 produnt

252 2455 401 2514 deiciendo
415 2456 522 2513 ranan.
544 2455 612 2512 Nam
635 2463 664 2513 et
686 2455 845 2510 insertarum
867 2451 1047 2510 fenestrarum
1098 2447 1221 2506 libidines
1232 2460 1358 2520 matrum,
1370 2452 1434 2524 quid
1448 2468 1510 2510 cum
1523 2469 1616 2526 magna
1632 2455 1808 2514 delectatione
1821 2469 1893 2512 con·

252 2549 382 2620 mucelli,
397 2550 481 2616 sieoe
491 2549 561 2607 lorte
573 2548 752 2616 intuebamur,
766 2562 839 2618 saepe
861 2547 1049 2619 inillisappa·
1097 2542 1241 2612 spexerint.
1257 2543 1342 2612 Quam
1361 2546 1433 2602 enirn
1455 2547 1599 2616 teneriora,
1613 2557 1703 2621 utque,
1717 2556 1746 2605 ut
1760 2549 1796 2606 ita
1811 2550 1893 2608 dise·

251 2659 332 2701 ruere
345 2643 478 2700 coloribus
492 2660 500 2699 r
515 2651 544 2698 ut
555 2640 726 2698 manifestum
737 2639 782 2704 sit,
795 2638 866 2695 banc
876 2637 1048 2696 εεεειιεεεεε
1097 2633 1158 2701 εἰει,
1173 2633 1352 2692 lormabiliora
1366 2646 1428 2693 sunt
1440 2637 1586 2710 primordre
1594 2639 1746 2709 seminum,
1762 2651 1816 2698 ιειε
1832 2641 1893 2699 edl-

252 2744 346 2809 nostro
367 2733 457 2790 sensui
471 2749 505 2790 ex
526 2747 556 2793 ea
580 2747 611 2790 re
635 2747 695 2804 qnae
716 2730 855 2788 videbatur
876 2731 1046 2802 impressam.
1097 2725 1197 2782 caciter
1209 2736 1236 2784 ει
1250 2731 1385 2801 capaciter
1400 2738 1549 2802 sequuntur
1565 2731 1740 2789 intentionem
1761 2741 1894 2791 maternae

253 2827 319 2886 Erat
330 2842 396 2901 erqo
416 2829 497 2886 ciam
510 2841 573 2884 cum
586 2826 756 2892 videremus,
769 2835 796 2883 ει
814 2825 860 2882 illa
881 2833 939 2883 erat
949 2824 1049 2886 clarior
1098 2818 1205 2888 aularae,
1219 2827 1247 2878 ει
1260 2837 1320 2893 quae
1334 2823 1362 2880 in
1375 2837 1407 2881 cu
1418 2823 1488 2880 lactu
1496 2831 1539 2881 est
1552 2824 1718 2895 phantasiam
1732 2841 1893 2899 percorpus

253 2928 282 2980 ct
294 2921 463 2992 expression
484 2917 532 2976 sed
546 2917 660 2975 multum
675 2917 816 2988 conjuncta
831 2932 893 2973 cum
906 2917 996 2989 specie
1008 2915 1048 2974 rei
1098 2911 1171 2982 quod
1184 2913 1280 2984 cupide
1291 2915 1405 2986 aspexit.
1416 2915 1484 2973 Sunt
1492 2916 1616 2988 exempla
1628 2931 1688 2988 qua
1699 2919 1809 2989 copiose
1822 2933 1895 2977 com·

253 3011 311 3084 ejus
324 3027 384 3083 quc
397 3011 562 3077 cernebatur,
577 3017 607 3065 ut
618 3009 734 3066 discerni
745 3008 853 3064 omnino
866 3023 921 3066 nou
939 3016 1047 3081 posset,
1098 3006 1242 3063 memorari
1264 3008 1366 3078 possint
1387 3027 1394 3065 :
1415 3007 1463 3066 sed
1478 3025 1560 3066 unum
1573 3010 1672 3068 sulicit
1683 3010 1718 3068 de
1729 3011 1895 3069 lidelissiuris

253 3106 351 3176 etipsa
365 3113 424 3160 orat
438 3104 516 3160 visio.
530 3102 599 3172 Quin
611 3103 691 3158 etiam
703 3117 764 3158 cum
782 3102 900 3158 lucernae
912 3099 1049 3159 dammula
1098 3095 1196 3164 Libris,
1204 3099 1276 3171 quod
1286 3099 1349 3158 lecit
1360 3101 1454 3171 Jacob,
1460 3109 1490 3157 ut
1502 3117 1565 3159 oves
1583 3111 1705 3174 etcaproe
1717 3104 1806 3160 varios
1817 3104 1894 3160 colo·

254 3197 336 3259 modo
356 3197 472 3270 quodam
493 3195 645 3253 divaricatis
659 3197 741 3253 radiis
760 3197 899 3254 oculorum
912 3197 990 3270 quasi
1001 3212 1049 3270 gc-
1099 3189 1174 3246 ribus
1192 3200 1335 3262 parerent,
1351 3193 1529 3265 supponendo
1551 3195 1591 3250 eis
1610 3195 1711 3253 uariata
1733 3194 1848 3266 virgulta
1865 3195 1894 3252 ln

254 3291 381 3357 minatur,
405 3288 464 3346 dna
480 3289 597 3345 visiones
608 3288 692 3354 liunt,
704 3303 766 3344 cum
790 3288 826 3344 sit
847 3303 891 3346 res
912 3303 966 3347 una
988 3303 1049 3360 quse
1099 3281 1236 3340 canalibus
1246 3298 1456 3357 aquarumque
1470 3294 1594 3357 potantes
1606 3288 1774 3344 intuerentur
1784 3297 1895 3345 cotem-

253 3383 370 3440 videtur.
385 3380 544 3453 Singillatim
567 3379 832 3454 quippealliciuntur
844 3381 916 3438 idem
934 3380 1003 3438 radii
1016 3381 1050 3438 do
1100 3384 1166 3444 ιιῡῐθ
1178 3389 1232 3446 ιιῑιθ
1246 3386 1424 3447 conceperint
1446 3377 1522 3451 (Gen.
1534 3395 1600 3446 ¹1¹.
1615 3377 1722 3453 5741)·

253 3488 304 3531 εεο
318 3473 432 3544 quisque
451 3472 531 3529 oculo
543 3473 706 3539 emicantes,
730 3469 861 3528 domoon
882 3471 1005 3530 sinuntur
1022 3473 1051 3530 ia
1135 3464 1248 3524 CAPUT
1267 3466 1312 3524 lll-
1326 3497 1363 3510 -·
1376 3469 1403 3526 6·
1429 3469 1518 3527 Trium
1537 3472 1622 3526 unitur
1639 3471 1668 3527 ic
1688 3471 1843 3544 copitutiom
1861 3471 1892 3542 fit

253 3565 318 3626 illud
329 3564 895 3637 corpusintuendumpariterconjmrctequc
904 3580 1050 3624 concurre·
1100 3557 1239 3624 milwe
1253 3557 1358 3616 ''¹¹th
1367 3561 1479 3630 ιῑιῑθιιίι,
1494 3571 1517 3618 0¹
1526 3560 1661 3620 ”¹⁸⁸¹ssss
1671 3571 1805 3635 ww
1816 3577 1897 3634 ‘⁰1²⁸-

254 3674 295 3726 rc,
304 3666 333 3715 ut
342 3674 412 3714 unus
424 3658 472 3714 luat
483 3674 516 3714 ex
530 3665 645 3727 utroque
657 3656 803 3714 contuitus.
816 3657 849 3714 Et
859 3657 920 3714 ideo
932 3658 955 3713 si
968 3671 1051 3716 unum
1101 3646 1188 3704 &⁶²5⁸-
1204 3647 1258 3706 Sed
1270 3649 1359 3706 inimi
1373 3651 1513 3708 Νῑῑθῑιὶῑὶι
1526 3651 1681 3710 delmi&
1693 3653 1768 3723 tivit,
1781 3658 1844 3710 ⁰⁰¹⁰
1854 3667 1896 3711 ⁸0·

253 3751 361 3809 oculum
371 3751 564 3818 clauserimus,
577 3765 631 3807 non
643 3751 778 3823 geminum
796 3750 902 3822 iqnenr,
915 3749 964 3807 sed
972 3750 1052 3807 sicuti
1102 3740 1218 3796 cundum
1241 3741 1386 3800 trinitatem
1400 3744 1542 3803 ciliciolis
1560 3745 1678 3802 b⁰mi¹¹i¹
1698 3747 1780 3813 iiiiii
1795 3746 1895 3817 Μ.

254 3851 298 3901 εει
310 3857 391 3898 uuum
406 3840 566 3898 videbimus.
580 3839 636 3898 Gur
652 3850 742 3898 autem
765 3839 878 3897 sinistro
899 3840 992 3898 clauso
1004 3840 1051 3896 illa
1102 3833 1209 3890 eumad
1223 3849 1256 3892 ca
1267 3850 1329 3906 quae
1342 3833 1492 3894 lorinsecus
1506 3851 1616 3894 εεεεεεε
1628 3839 1750 3910 corporis
1763 3839 1894 3907 lomnarrt,

255 3933 873 4006 speciesdesinitrideriquaeaddertrurnerat,
882 3931 1053 4004 vicissimque
1103 3939 1156 3982 εοε
1170 3925 1335 3984 laudabilem·
1344 3927 1519 3999 εειεειειεεε,
1533 3943 1585 4001 qua
1600 3930 1657 3988 lrmc
1671 3931 1706 3988 ad
1720 3931 1785 3988 utile
1797 3930 1897 4003 aliquid

256 4027 456 4085 dextroclauso
465 4026 511 4082 illa
522 4024 706 4082 intermoritur
719 4040 780 4096 quac
791 4023 824 4080 ad
835 4024 973 4080 sinistrum
982 4033 1052 4091 crat,
1100 4017 1212 4084 reserat,
1225 4019 1273 4076 scd
1288 4029 1393 4091 tillim
1409 4019 1583 4093 tuildiltlem
1597 4038 1649 4094 (1¹¹³
1666 4023 1708 4078 bis
1721 4023 1898 4091 immi·

256 4130 286 4180 et
301 4121 408 4192 longum
420 4127 500 4176 estet
511 4118 549 4174 rei
562 4117 688 4188 presenti
704 4131 758 4172 non
778 4116 959 4173 necessarium
972 4115 1053 4172 modo
1104 4110 1297 4170 accommodat.
1308 4113 1375 4180 Quia
1387 4115 1468 4171 etiam
1478 4114 1597 4172 detracta
1609 4117 1700 4188 speeie
1709 4117 1900 4188 corporisque}

255 4208 1053 4285 querereatqucdisserere.Quodenimndsusceptamquar·
1104 4205 1279 4276 corporaliter
1292 4206 1469 4275 sentiebatur,
1475 4218 1604 4266 remanet
1616 4209 1644 4265 in
1658 4210 1788 4267 memoria
1802 4209 1901 4265 simili-

254 4304 374 4360 ationem
386 4301 453 4359 satis
466 4309 524 4369 est;
537 4301 589 4358 nisi
602 4300 680 4358 lieret
692 4301 812 4358 insensu
825 4307 920 4356 nosco
930 4298 1053 4371 quaedam
1105 4297 1170 4354 tudo
1184 4296 1258 4369 ejus,
1272 4313 1327 4369 quo
1348 4311 1442 4356 rursus
1460 4301 1584 4358 veluntas
1596 4309 1736 4359 convertat
1748 4300 1853 4369 εεεειε,
1869 4308 1901 4356 ut

255 4394 346 4466 imaro
356 4391 493 4448 simillima
507 4391 548 4448 rei
558 4391 616 4463 q'us
629 4407 710 4464 quam
722 4392 876 4460 cernimus,
889 4407 944 4449 noa
956 4406 1053 4450 secun·
1104 4391 1168 4452 inde
1186 4391 1316 4449 lormetur
1334 4381 1513 4461 intrinsecus,
1529 4393 1598 4452 sicut
1610 4409 1644 4452 ea
1660 4409 1777 4466 corpore
1791 4394 1901 4465 objecto

256 4485 321 4559 dum
342 4485 481 4564 oculorum
499 4499 641 4543 numerum
660 4483 774 4541 dammae
787 4484 892 4556 species
904 4483 1056 4556 caminara-
1104 4486 1226 4544 sensibili
1239 4500 1335 4544 aensus
1348 4487 1515 4570 ertnnsecas
1527 4487 1703 4546 innovabatur.
1716 4490 1804 4560 Atque
1818 4487 1855 4544 ita
1871 4487 1901 4542 lt

257 4585 312 4648 tur,
325 4577 507 4650 crurrquidam
529 4575 656 4634 cernendi
674 4575 771 4634 modus
793 4576 930 4634 adbibitus
952 4575 1053 4645 luerit,
1103 4579 1151 4636 illa
1164 4581 1268 4638 trinitas
1280 4583 1476 4651 ernanum,
1495 4591 1524 4640 et
1536 4585 1639 4640 interna
1651 4583 1773 4648 risione,
1792 4591 1822 4640 ει
1840 4597 1902 4654 qnae

255 4671 305 4742 qul
324 4670 409 4742 possit
427 4685 588 4728 concursum
609 4685 737 4741 separare
768 4668 913 4726 radiorum.
939 4669 980 4724 lix
1000 4684 1055 4726 nno
1106 4679 1250 4746 unumque
1270 4672 1536 4744 repulatvoluutate.
1550 4673 1616 4742 Quen
1632 4674 1757 4730 triacum
1773 4675 1802 4729 in
1814 4687 1900 4729 unum

256 4761 359 4834 quippe
370 4761 449 4820 oculo
458 4761 577 4833 quolibet
587 4759 851 4827 rnododeducto,aut
859 4760 1000 4830 impresso,
1008 4767 1056 4816 aut
1106 4771 1249 4834 coquntur,
1261 4764 1296 4821 ab
1308 4765 1367 4834 ipso
1378 4773 1473 4820 coactu
1485 4765 1612 4836 cogitatio
1623 4765 1731 4821 dicitnr.
1742 4763 1798 4820 Nec
1807 4763 1863 4835 jam
1874 4765 1900 4818 in

260 4852 371 4920 intorto,
384 4854 407 4908 si
423 4853 491 4909 alter
511 4853 620 4910 clausus
632 4860 684 4919 est,
698 4851 843 4922 dupliciter
855 4849 941 4908 videri
953 4851 1055 4924 aliquid
1106 4855 1149 4912 lris
1162 4855 1249 4912 tribus
1258 4855 1363 4912 diversa
1373 4856 1521 4913 substantia
1534 4866 1586 4913 est.
1595 4857 1686 4928 Neque
1700 4857 1773 4912 enirn
1785 4867 1833 4911 ant
1842 4869 1903 4911 cor·

259 4944 331 5017 qnod
346 4946 471 5001 situuum
486 4944 562 5001 nullo
573 4953 652 5017 pacto
666 4951 765 5014 potest.
1107 4961 1158 5019 pus
1169 4947 1233 5004 illud
1244 4947 1374 5004 sensibile
1380 4948 1417 5004 ibi
1431 4958 1484 5017 est,
1495 4947 1566 5020 quod
1577 4949 1687 5005 omrrino
1700 4947 1848 5005 discretum
1862 4957 1903 5003 est

295 5038 324 5095 5.
339 5037 404 5106 oue
414 5053 476 5094 cum
487 5037 524 5093 ita
536 5037 590 5092 sint
600 5077 609 5105 ,
621 5036 674 5092 tria
687 5035 745 5092 bec
755 5036 876 5108 quamvis
887 5035 994 5094 diversa
1007 5051 1057 5092 na·
1105 5039 1142 5098 ab
1154 5039 1297 5098 animantis
1308 5049 1467 5108 nutura,aut
1476 5053 1572 5096 sensus
1585 5041 1706 5111 corporis
1722 5040 1758 5096 ibi
1775 5040 1906 5096 ionuatur

260 5141 331 5200 tura,
344 5131 571 5203 quemadmodum
592 5129 624 5185 in‘
632 5130 775 5202 quamdam
790 5131 920 5188 unitatem
933 5139 1056 5194 oontem-
1107 5139 1138 5188 ut
1151 5131 1197 5188 ilat
1206 5133 1292 5201 visio,
1309 5141 1354 5188 aut
1372 5133 1429 5203 ipsa
1442 5133 1566 5188 voluntas
1580 5131 1607 5188 id
1620 5133 1677 5203 ugit
1691 5141 1721 5188 ut
1732 5129 1906 5187 lormnmlnm

261 5234 390 5296 perentur
403 5223 619 5292 meminerimus,
630 5223 657 5280 id
669 5231 722 5293 cst,
741 5223 847 5296 species
860 5224 1057 5296 corporisque
1107 5239 1216 5284 sensum
1231 5225 1351 5283 sensibili
1364 5225 1643 5297 corporiadmoveat,
1659 5225 1686 5280 in
1701 5239 1791 5296 eoque
1804 5225 1907 5281 torma·

260 5313 378 5384 videtur,
389 5324 418 5372 ct
429 5316 559 5387 impressa
573 5315 632 5387 ejus
652 5316 741 5388 imaqo
750 5317 840 5374 εεεεεί
854 5315 926 5388 quod
935 5325 977 5374 εει
989 5315 1058 5372 visio
1109 5327 1165 5374 tum
1185 5317 1304 5374 detineam
1318 5335 1325 5372 :
1342 5316 1390 5374 sed
1405 5331 1455 5388 pro
1468 5317 1513 5373 illa
1525 5316 1616 5388 specie
1629 5317 1751 5386 corporis
1767 5331 1829 5387 quac
1842 5327 1906 5371 scn-

241 5439 243 5444 ν
261 5421 392 5466 sensusve
403 5408 550 5478 lormatus,
564 5409 723 5466 etvoluntas
738 5410 895 5483 animique
916 5411 956 5468 rei
968 5412 1057 5468 sensi·
1110 5409 1226 5468 tiebatur
1237 5411 1412 5476 extrinsecus,
1429 5405 1548 5466 succedit
1558 5408 1687 5466 memoria
1702 5408 1824 5464 εειίεεεε
1834 5407 1908 5462 illam

260 5501 310 5561 bili
323 5515 432 5560 εεεεειε
441 5501 583 5574 admovet,
597 5503 626 5560 in
635 5517 723 5575 eoque
732 5503 817 5576 ipsam
828 5504 957 5561 visionem
972 5509 1056 5560 tenet.
1109 5503 1228 5575 speciem
1248 5516 1328 5576 quam
1340 5515 1388 5575 per
1400 5502 1524 5574 corporis
1534 5512 1643 5557 sensum
1657 5499 1786 5556 combibit
1797 5498 1906 5563 animn;

256 5639 260 5648 ·
294 5639 945 5702 ¹v01‚m‚rmunwemem.rmcnc,m
1020 5639 1060 5691 ms
1111 5611 1213 5670 proque
1224 5598 1269 5655 illa
1280 5599 1385 5656 rislam
1398 5611 1459 5668 quas
1469 5594 1534 5652 loris
1547 5601 1606 5651 erat
1617 5607 1679 5650 cum
1693 5607 1792 5649 sensim
1801 5605 1896 5648 excor

263 5703 373 5763 rodim,
384 5715 438 5764 uec,
451 5710 488 5764 et,
498 5715 554 5764 nor,
565 5703 688 5767 legendum
697 5711 737 5754 εει
746 5705 787 5754 nic
797 5704 866 5754 locrus
877 5717 884 5753 :
897 5702 967 5754 nm'
1025 5711 1060 5754 uc
1112 5705 1178 5763 pore
1189 5689 1308 5750 sensibili
1319 5689 1491 5758 formaretur,
1502 5687 1621 5746 succedit
1636 5687 1708 5744 intus
1717 5685 1814 5742 similis
1823 5683 1905 5748 visio,

263 5757 1060 5893 ffldffmffissmffmmffiffiffi,
1113 5797 1213 5840 eumer
1223 5782 1337 5888 eoquod
1349 5783 1570 5886 memoristcnet‚
1585 5779 1801 5838 lormarurncies
1812 5779 1910 5878 animi,

265 5896 313 5941 uc
360 5893 390 5938 rc
1042 5918 1045 5930 .
1114 5887 1142 5934 et
1165 5878 1285 5934 absentia
1312 5887 1428 5950 corpora
1447 5883 1598 5968 cognantur
1620 5893 1628 5934 2
1653 5873 1914 5946 veteresvineas·
