4034 6334
557 295 696 358 CONTRA
714 289 917 354 romatinum
931 275 1110 348 niumm
1128 277 1346 363 willelm,
1365 288 1396 349 S.
1412 285 1598 352 lnobsntnl
1850 293 1907 354 loo

264 293 317 366 rel

266 430 344 497 utre,
357 417 517 499 propheticae
526 417 605 475 auhn
618 407 987 486 muneremunere,
1000 410 1060 478 Μ
1112 405 1280 474 aperuerim
1291 408 1419 466 ottmdit.
1436 402 1497 466 istis
1513 417 1602 467 autem
1616 408 1833 481 perversitatibus
1845 413 1904 470 suis

264 515 330 574 omn
343 521 402 572 root
414 495 629 587 castelliones
639 523 670 574 ι,-
680 502 790 579 mr),
805 501 931 574 bcqcuda
941 503 1060 570 esterno
1111 497 1244 558 irciem
1255 542 1263 571 ,
1275 507 1317 558 ut
1336 511 1398 559 otuu
1414 501 1509 573 abnuis
1527 503 1635 574 gentilis
1652 503 1689 560 ad
1698 501 1796 577 Legem
1809 519 1904 561 eorum

266 611 404 686 scripturn
415 607 516 677 dirius,
529 603 679 677 uspiritus
688 599 773 657 suncti
785 595 949 668 dispensatio
959 607 1059 664 coquo·
1111 593 1272 665 transisset,
1297 587 1323 651 ld
1343 603 1405 663 est,
1425 594 1510 689 lamus
1524 595 1595 654 esset
1607 598 1778 670 proselytus,
1792 596 1905 655 haberet

263 705 375 774 rmnda,
389 711 416 762 et
428 701 556 761 intuenda
570 696 708 772 prophetia
721 710 729 764 ;
744 699 772 752 et
784 690 928 765 rejicienda
943 687 1060 746 canalis
1110 697 1201 743 mores
1215 701 1329 757 eorum,
1345 696 1372 745 et
1391 688 1468 746 tieret
1482 689 1555 746 lilius
1576 689 1723 762 gebennas,
1741 693 1829 748 multo
1842 693 1906 765 plus

261 799 391 868 uomitus,
406 801 434 855 ct
444 793 562 855 libentis
574 789 750 862 intelligentia
762 783 913 845 retinenda.
1110 795 1190 850 mam
1212 781 1264 853 ipsi
1286 791 1386 840 essent.
1403 782 1507 841 liabent
1520 784 1592 840 enim
1611 799 1736 855 magnam
1750 799 1860 858 operam
1874 794 1906 842 ut

300 888 418 951 clll’lll'
430 883 499 949 xil.
512 885 583 944 -1.
603 885 643 944 ho
663 897 696 943 eo
717 881 789 957 quod
813 879 941 953 scriptum
965 881 1007 934 est
1030 875 1058 931 in
1109 871 1218 930 ludens
1231 874 1309 932 deret
1321 877 1418 947 aliquis
1431 889 1464 934 ex
1479 875 1616 943 Gentibus,
1629 884 1657 935 et
1669 875 1905 936 iudaeumlactum

266 983 473 1044 Deuteronomio
489 1000 497 1039 τ
514 975 624 1038 Oirerou
633 987 657 1037 ct
668 979 800 1050 touctipco
812 975 879 1032 diem
897 987 972 1047 quem
991 983 1059 1042 proe-
1109 966 1240 1037 cogebant
1253 980 1317 1025 suos
1330 982 1419 1025 mores
1432 971 1564 1041 pessimos
1578 969 1687 1027 imitari.

262 1079 387 1152 cepittidi
396 1069 598 1132 bonrum-sn
609 1071 696 1131 dirius
709 1067 844 1137 boorohlr,
860 1073 884 1123 rt
895 1067 973 1140 furiet
983 1078 1059 1120 omne
1143 1055 1172 1113 2·
1188 1055 1281 1129 Neque
1294 1059 1360 1116 illud
1374 1059 1443 1133 qnod
1459 1061 1493 1117 de
1504 1063 1634 1132 Apostolo
1650 1069 1779 1135 tanquam
1791 1070 1903 1120 eoum.
2006 1086 2007 1093 .

265 1175 330 1246 opus
344 1177 433 1235 tuum,·
451 1167 559 1240 septimo
578 1180 635 1222 uero
657 1163 697 1221 die
716 1161 812 1221 suiinti
830 1159 935 1233 epulare
946 1155 1058 1213 Domino
1109 1144 1179 1205 rium
1194 1159 1406 1221 conmemorat,
1422 1152 1507 1224 potuit
1520 1153 1661 1212 adrertere
1675 1155 1833 1212 Adimantus
1845 1171 1905 1212 rna.

266 1258 321 1316 nco
334 1263 377 1315 turo
387 1301 395 1330 ,
407 1259 508 1316 nullum
521 1259 616 1332 tociens
629 1273 693 1330 opus
706 1258 761 1328 ipre
775 1263 822 1325 tu,
838 1263 881 1310 not
895 1251 963 1324 plius
978 1260 1056 1318 tum,
1110 1241 1239 1312 nicheus,
1248 1243 1358 1299 omnino
1368 1259 1421 1300 nou
1431 1245 1679 1314 essccontrarium;
1691 1247 1752 1317 quia
1762 1253 1834 1302 totus
1844 1244 1907 1318 ejus

265 1343 311 1407 out
323 1351 378 1422 plin
390 1359 445 1420 tun,
456 1361 500 1406 out
510 1363 573 1422 pucr
583 1357 649 1414 turus,
664 1355 708 1404 uut
721 1345 808 1420 puello
820 1353 874 1414 tuo,
891 1345 934 1399 bos
949 1353 1018 1411 tuuc,
1035 1339 1061 1397 ci
1109 1331 1270 1390 cemus-non
1282 1335 1317 1390 td
1329 1334 1541 1407 inquisitionem,
1554 1335 1602 1392 sed
1616 1336 1651 1393 ad
1664 1339 1905 1409 reprehensionem

264 1445 351 1501 asinus
365 1452 422 1500 tuus
434 1487 441 1514 ,
455 1445 540 1500 ontuio
547 1445 664 1516 joureatu
680 1449 742 1509 tun,
758 1443 783 1495 et
800 1439 905 1494 colonus
920 1445 988 1492 tuor.
1012 1433 1059 1492 Sic
1109 1424 1255 1497 &lininio
1266 1425 1388 1484 intentus
1397 1436 1466 1484 erat.
1475 1427 1675 1485 Commemorat
1684 1429 1756 1485 enim
1767 1427 1905 1504 dicentem

265 1542 350 1593 nutem
357 1537 465 1609 quiescet
475 1551 559 1592 seruus
570 1541 628 1590 tuus
640 1542 663 1588 ct
674 1533 768 1588 nuclltn
779 1539 832 1597 tuo,
847 1528 1059 1602 pucatndmoclum·
1109 1519 1285 1590 Apostolum:
1299 1519 1472 1577 commuue
1485 1521 1578 1593 aliquit
1589 1526 1693 1577 nocuos
1712 1519 1768 1577 reti
1786 1537 1838 1577 oon
1855 1521 1907 1576 od-

266 1639 340 1706 etur.
355 1629 482 1685 Menrcuto
497 1629 616 1699 quonium
634 1639 719 1683 seruus
739 1623 812 1696 suisti
832 1623 859 1677 iu
878 1619 1014 1693 AEppplo,
1035 1625 1059 1674 ct
1110 1612 1187 1667 ducat
1201 1616 1365 1684 preputium.
1387 1611 1422 1669 lu
1442 1612 1568 1686 prccputio
1586 1617 1643 1686 qtrlr
1660 1625 1763 1670 cccmus
1780 1615 1842 1670 ert?
1853 1631 1909 1670 nors

265 1721 330 1778 uuit
342 1731 366 1778 tc
378 1707 505 1777 Dominus
518 1719 589 1786 Deus
606 1727 663 1776 tuus
671 1719 697 1786 iu
707 1729 785 1772 mauu
799 1714 893 1788 potenti
912 1721 935 1767 rt
957 1709 1059 1766 brucitio
1110 1703 1307 1761 circumcidatur
1318 1721 1328 1760 .·
1341 1707 1402 1776 quio
1415 1706 1570 1778 preputium
1580 1705 1647 1762 nihii
1657 1715 1703 1775 cet,
1714 1717 1738 1763 et
1747 1707 1909 1765 circumcisio

264 1811 378 1870 cccciso.
398 1811 500 1868 idcirco
514 1814 632 1884 prcecrpit
651 1809 696 1865 tibi
714 1807 837 1864 Dominus
851 1804 978 1862 custodiro
990 1803 1058 1857 diem
1111 1797 1176 1853 nihil
1189 1806 1243 1867 ert,
1259 1799 1304 1852 sed
1316 1798 1454 1854 coronatio
1475 1808 1657 1871 preceptorum
1671 1799 1720 1854 oet
1733 1798 1763 1874 (1
1776 1799 1836 1855 Cor.
1850 1815 1905 1868 ιιι,

264 1905 400 1977 rcptiurum
413 1903 501 1978 (licut.
518 1921 544 1971 r,
561 1901 668 1975 11-15).
683 1899 716 1958 ot
728 1903 823 1958 itemm
837 1899 863 1954 in
877 1895 974 1954 Genesi
990 1895 1058 1951 seri-
1111 1887 1145 1943 ld
1154 1887 1238 1961 erlo).
1250 1887 1318 1958 Quid
1332 1889 1404 1945 enim
1414 1887 1580 1946 manilestius
1592 1905 1671 1961 quam
1683 1888 1735 1946 boc
1747 1889 1908 1962 Apostolum

266 1987 340 2072 ptum
364 2005 406 2056 est
427 1994 650 2071 quemadmodum
671 1994 784 2053 Abrabu¹
803 1991 836 2049 de
857 1989 1061 2048 circumcisione
1111 1980 1268 2050 ltiaeoiperc,
1283 1981 1702 2053 utunusqnisquesicutrocatus
1714 1989 1782 2048 erat,
1795 1983 1908 2040 sicma·

264 2089 382 2162 loquitur
395 2109 402 2146 :
415 2087 603 2146 Testamentum
622 2098 704 2143 meum
723 2085 839 2153 amors,
863 2083 964 2155 inquire,
988 2087 1015 2136 ru
1036 2091 1060 2136 et
1111 2071 1210 2126 uerett
1224 2072 1435 2129 Advenientibus
1449 2073 1520 2130 enirn
1532 2074 1622 2140 relrrs,
1635 2083 1909 2147 qrrarumertntum·

264 2188 350 2235 romeu
374 2184 463 2248 tuum,
480 2177 548 2252 qttoti
567 2179 614 2234 crit
633 2183 689 2250 posi
711 2185 743 2232 lc.
762 2173 819 2231 Hoc
835 2183 871 2230 ccl
886 2179 1060 2230 testamentum
1111 2162 1168 2219 biae
1181 2161 1234 2219 ill&
1246 2164 1457 2233 0b80ffifi0ss082
1468 2163 1496 2220 id
1509 2175 1597 2220 11011111
1610 2173 1662 2234 iiis
1676 2171 1706 2221 ¹¹²
1718 2167 1910 2224 θθῑθΰῦθΐθῐΰῑ

264 2287 348 2327 mcum
370 2271 439 2342 quod
460 2271 568 2327 remudis
592 2271 734 2335 interme,
756 2275 814 2323 rtte
828 2275 851 2321 ct
861 2278 944 2322 remen
964 2271 1061 2318 mum:
1111 2256 1139 2312 in
1157 2257 1223 2329 ipsis
1235 2259 1337 2315 umbris
1348 2271 1401 2315 non
1411 2273 1471 2316 esse
1480 2273 1554 2331 spem
1568 2258 1729 2331 ponendam,
1743 2259 1792 2316 sed
1803 2259 1830 2316 in
1840 2260 1911 2332 ipsis

265 2379 340 2421 omne
352 2361 525 2418 rrtascuiiuunt·
535 2358 700 2418 circumcides
719 2361 746 2414 iu
764 2373 840 2414 curae
856 2355 975 2430 preputii
989 2355 1060 2426 ipso·
1111 2358 1192 2414 rebus
1206 2373 1273 2431 quas
1294 2359 1348 2416 ilice
1368 2359 1471 2416 umbrae
1491 2359 1676 2432 siprrillcabanl
1692 2370 1752 2415 esse
1766 2363 1907 2422 uenturas,

265 2474 340 2536 remp
351 2465 375 2514 et
385 2455 418 2514 rii
428 2457 474 2514 lroc
484 2459 584 2530 sipnum
594 2453 736 2512 lecturienti
743 2455 808 2508 iuter
817 2468 857 2508 rue
866 2461 951 2508 uuor.
964 2447 1062 2504 Octorc

265 2561 349 2608 rotem
364 2549 405 2607 dle
416 2550 601 2607 circumcidetis
615 2563 700 2606 outues
711 2547 836 2603 musculos
849 2547 875 2602 iu
885 2555 957 2619 pente
967 2553 1059 2614 cerua,

269 2636 297 2697 ut
310 2643 386 2698 ctiam
399 2643 558 2698 dominatum
572 2648 596 2698 et
611 2649 785 2713 cotrtporotunt
797 2637 984 2694 urcuntcidolir
994 2649 1062 2708 prcc-

266 2742 304 2790 tcr
317 2734 484 2807 aiicuipennm
497 2751 506 2792 .·
517 2743 540 2790 ct
552 2735 598 2790 ior
609 2735 656 2790 crit
666 2733 840 2790 testamentum
850 2733 875 2786 iu
887 2740 959 2804 pente
967 2739 1059 2785 oestro.

266 2819 304 2882 nt
321 2825 403 2881 onmis
426 2825 556 2882 musculus
580 2823 624 2896 qui
646 2839 697 2880 uon
724 2821 885 2878 mrcrcmciclct
909 2823 1060 2894 proeprtiuru

266 2907 351 2985 tuum,
365 2912 458 2990 perdel
465 2918 577 2972 ouimnru
591 2928 664 2972 tunm
677 2914 708 2971 de
722 2915 805 2970 ntroin
818 2915 904 2986 plebe,
915 2914 975 2984 proin
984 2921 1061 2968 terto-

266 3005 378 3066 n'rcutuur
393 3026 477 3065 meum
493 3007 606 3064 dissoluit
619 3007 696 3082 (Gen.
710 3023 764 3064 ιιιι
774 3052 781 3078 ,
792 3007 881 3078 9-11).
897 3007 959 3063 lluc
972 3009 1060 3064 omnia

266 3093 348 3158 uerba
361 3097 467 3157 icteris
480 3099 656 3166 Testamenti,
670 3109 699 3158 ut
712 3101 751 3157 eis
762 3100 795 3156 de
805 3097 880 3155 Nouo
889 3097 1060 3156 Testamenta

266 3191 443 3263 adversetur,
470 3194 595 3266 proponit
617 3191 793 3262 Adimantus,
813 3199 840 3249 et
853 3193 986 3248 contrariu
1000 3205 1061 3249 esse

254 3281 381 3340 'aldrmat
392 3299 423 3341 ea
434 3300 492 3358 quae
503 3285 631 3341 Dominus
642 3284 707 3341 dicit
721 3283 748 3340 in
762 3283 907 3356 Evangelio
921 3283 954 3340 de
965 3297 1060 3354 prose·

266 3374 322 3448 ipio
334 3377 345 3432 τ’
360 3373 492 3446 Voeuoiit,
505 3373 637 3432 Scridc'ct
650 3372 776 3432 Pirnriaoei
791 3377 939 3448 hypocrite,
954 3377 1000 3448 qui
1009 3376 1059 3430 cir·

265 3469 366 3524 curtilis
379 3485 449 3525 ruore
461 3477 484 3525 et
496 3477 589 3525 tenuat
601 3477 629 3526 ut
642 3470 743 3543 [nuntie
753 3482 831 3524 uuum
843 3469 1019 3541 proculprocu·
1037 3477 1062 3526 ct

269 3575 326 3614 cunr
340 3554 461 3630 trunto,
475 3561 520 3616 crit
532 3559 602 3632 fiius
614 3560 744 3633 procantu,
758 3559 837 3616 multo
848 3559 906 3631 plur
916 3572 992 3632 quum
1002 3559 1061 3615 etot

266 3653 309 3730 ror
324 3647 431 3726 (horti.
445 3659 522 3724 xrrtr,
538 3653 594 3728 lo).
608 3651 690 3722 Quasi
702 3665 766 3710 uero
779 3659 919 3724 propterea
933 3651 1066 3708 [lominus
1088 3661 1093 3669 ·

266 3745 432 3816 proselytum
447 3736 519 3801 oenc
532 3743 614 3801 illium
626 3742 766 3818 gebennas,
778 3745 838 3817 qula
849 3740 1059 3816 circuncidltur,

265 3841 293 3892 et
305 3834 443 3892 sabbatum
455 3836 600 3906 observat3
615 3842 643 3893 et
661 3850 714 3893 non
729 3837 816 3908 potius
831 3837 892 3908 quia
906 3833 1060 3893 ludaeorum

265 3940 374 3997 prauam
397 3929 626 3984 conversationem
647 3929 657 3962 ¹
677 3931 781 4000 cogitur
797 3929 905 3998 inituri,
932 3941 986 3985 non
1008 3942 1061 4000 qua

266 4019 410 4074 observant
430 4027 561 4092 praecepta
580 4019 680 4093 Legis,
702 4019 752 4077 sed
772 4033 823 4092 qua
846 4020 945 4076 laniunt
968 4031 1060 4076 contra

265 4095 375 4182 [egem.
390 4109 467 4182 Quod
479 4111 531 4168 alio
542 4111 603 4169 loco
620 4111 654 4169 de
673 4112 715 4168 nis
735 4113 903 4186 apertissime
916 4111 996 4179 dicit,
1014 4111 1061 4170 ubi

266 4201 304 4258 ait
316 4203 387 4274 quod
402 4196 526 4277 rejiciunt
540 4205 694 4261 mandatum
707 4203 773 4273 Dei,
787 4213 816 4260 ut
835 4216 911 4261 snam
933 4206 1062 4260 constitu·

267 4288 368 4352 tionem
381 4293 539 4355 condrment
553 4293 609 4370 (ld.
624 4310 671 4367 ru,
687 4295 745 4372 5-1)
762 4314 769 4354 :
784 4294 846 4370 quia
856 4308 917 4353 cum
927 4297 1062 4368 herpru-

266 4389 368 4458 ceperit
381 4389 507 4447 honorari
520 4397 623 4462 patrem
637 4399 665 4448 et
679 4397 792 4446 matrem
805 4433 813 4460 ,
826 4389 999 4447 instituerunt
1011 4389 1062 4461 ipsi

266 4477 402 4552 quomodo
425 4481 626 4540 exhonorentur
646 4491 783 4555 purentcs.
805 4479 842 4539 llt
859 4483 924 4540 item
943 4492 1004 4541 ouur
1022 4483 1062 4541 eis

265 4557 348 4632 dicit:
367 4571 413 4632 te
426 4577 505 4644 sors,
518 4571 647 4633 scarnen
661 4572 795 4643 rmum,
807 4575 850 4648 pt
862 4575 1062 4633 lucernulam

264 4665 341 4740 repui
351 4665 482 4734 ociorum,
494 4683 540 4724 uec
552 4669 602 4741 ipsi
613 4653 723 4739 latratis,
736 4683 781 4724 uec
791 4668 856 4725 ulios
867 4668 1008 4742 purrohoitir
1020 4671 1067 4726 irr··

266 4755 336 4836 corr
347 4757 421 4832 (luc.
433 4772 471 4830 ιι,
482 4756 539 4836 bi).
551 4761 668 4819 iolcum
679 4763 731 4820 alio
741 4761 801 4824 loeo
811 4765 939 4834 praecepit
947 4759 1061 4819 cndien·

266 4849 380 4922 tibus'i,
393 4861 423 4910 ut
436 4851 513 4912 dictis
528 4850 723 4911 Pharisaeorum
744 4861 771 4910 et
786 4850 939 4912 Scribarum
954 4855 1059 4912 obtem-

266 4940 412 5029 perarent,
434 4943 503 5004 laeta
526 4962 590 5004 uero
614 4959 706 5002 eorum
734 4963 786 5002 non
813 4947 991 5004 imitarentur.
1016 4947 1068 5002 Ait·

266 5037 337 5095 enim
352 5057 359 5094 :
376 5033 462 5112 Super
481 5038 628 5094 cothedrom
647 5037 733 5111 liopri
752 5039 859 5094 rudent:
878 5053 934 5108 quor
954 5039 1067 5108 dicunt,

267 5129 362 5204 [ocitc,·
376 5133 422 5188 red
434 5147 491 5204 quc
504 5131 616 5204 imunt,
631 5133 714 5204 saruc
726 5129 825 5186 nolite:
839 5131 926 5186 dicunt
939 5133 1021 5199 euim,
1037 5139 1063 5186 et

265 5219 316 5278 riou
330 5223 426 5292 {adum
442 5217 904 5296 (111111.ιιιιι,1111).ΟυοῙοοοει
916 5222 1061 5279 auctorita·

271 5297 325 5410 tem
340 5311 417 5386 Legis
430 5329 490 5386 que
502 5329 549 5388 per
559 5313 669 5390 iicpscn
682 5311 744 5371 data
757 5321 807 5381 est,
819 5313 958 5372 confirmat
970 5311 1062 5370 bomi-

268 5419 340 5474 nns,
362 5410 390 5460 et
414 5413 502 5463 tamen
523 5408 656 5465 cavendos
677 5409 705 5465 et
728 5407 866 5480 fugiendos
887 5421 948 5466 csse
971 5419 1062 5464 mores

266 5492 360 5586 dorum
373 5497 419 5572 qul
430 5497 495 5574 Lepi
505 5487 584 5573 quum
593 5509 753 5574 receperent
762 5515 817 5558 non
828 5501 1059 5575 obtemperabant,

263 5675 320 5792 wi„
325 5672 658 5791 {mmmm
669 5681 775 5748 perdbos
784 5685 996 5746 cursuscursus
1003 5695 1062 5750 pro·

306 5797 395 5865 tuctu,
404 5801 854 5872 poccpeuunellususs.‚prcccpit.

1112 2447 1213 2518 idest,
1229 2449 1365 2508 Christum
1383 2458 1412 2508 et
1423 2451 1582 2508 Ecclesiam.
1594 2451 1628 2508 Et
1639 2457 1781 2524 propterea
1793 2447 1838 2504 ssla
1848 2448 1909 2518 iam
1990 2481 1995 2494 ·

1112 2543 1202 2600 clunia
1217 2543 1307 2599 inania
1322 2551 1400 2602 erant
1422 2561 1429 2600 ε
1453 2559 1504 2602 nec
1522 2553 1611 2601 tamen
1632 2546 1663 2600 e'a
1683 2552 1808 2615 tauquam
1823 2541 1910 2598 noxia

1111 2635 1283 2705 removenda,
1295 2636 1343 2693 sed
1352 2645 1477 2709 tanquam
1485 2635 1619 2709 superflua
1629 2633 1824 2695 contemnenda
1835 2634 1911 2706 Apo-

1111 2728 1198 2785 stolus
1210 2730 1348 2802 praecipit;
1359 2741 1389 2786 ut
1398 2730 1422 2787 si
1432 2731 1491 2802 quis
1501 2729 1610 2787 tudens
1620 2729 1727 2787 onusto
1737 2727 1910 2796 credidisset,

1111 2826 1221 2892 propter
1232 2819 1406 2879 oilcusinnem
1418 2837 1527 2880 suorum
1542 2837 1595 2879 nou
1607 2819 1794 2894 prohiberetur
1803 2819 1830 2875 in
1840 2818 1911 2889 ipsis

1111 2909 1254 2983 superfluis
1265 2928 1425 2982 remanere,
1440 2918 1594 2971 nontamen
1610 2913 1637 2969 in
1649 2913 1688 2970 cis
1701 2911 1814 2969 salutem
1829 2922 1911 2968 suam

1111 3005 1284 3062 constitutam
1297 3013 1404 3078 putaret
1417 3025 1424 3064 :
1440 3023 1495 3064 non
1508 3006 1579 3062 enim
1591 3005 1666 3077 signa
1677 3005 1732 3073 illa,
1745 3002 1792 3060 sed
1805 3016 1836 3059 ca
1846 3015 1911 3072 quae

1112 3098 1155 3155 luis
1178 3097 1361 3170 significentur
1388 3099 1416 3155 in
1445 3100 1558 3154 salutem
1583 3097 1763 3153 introducunt.
1791 3091 1912 3163 ideoque

1112 3191 1267 3263 preputium
1279 3191 1345 3246 nihii
1359 3198 1405 3257 ert,
1420 3199 1445 3246 et
1456 3191 1613 3246 circumcisio
1626 3189 1690 3245 nibil
1700 3195 1736 3244 ert
1745 3231 1753 3255 ,
1763 3185 1808 3244 scd
1820 3185 1911 3241 oircr-

1111 3286 1180 3342 ootio
1195 3286 1374 3341 muudotorum
1388 3284 1445 3342 net.
1462 3285 1497 3342 Et
1509 3282 1580 3358 quod
1592 3285 1645 3342 alio
1659 3285 1718 3341 loco
1731 3283 1787 3340 ait:
1803 3279 1912 3340 Utinam

1113 3387 1136 3435 ct
1151 3376 1333 3434 abscinduntur
1344 3377 1388 3452 qui
1400 3395 1444 3436 oor
1458 3378 1608 3435 cuntdrinnt
1623 3375 1720 3450 (Galat.
1734 3391 1761 3444 ι,
1775 3369 1819 3446 lt)
1831 3390 1839 3440 ;
1852 3387 1912 3428 nou

1112 3473 1174 3544 quin
1186 3473 1354 3530 circumcisio
1368 3473 1502 3531 contraria
1521 3481 1563 3529 est
1577 3469 1722 3544 Euurrqelio
1734 3513 1742 3538 ,
1755 3465 1820 3524 dicit
1832 3467 1911 3538 Apo-

1111 3561 1209 3633 stolus,
1220 3560 1289 3622 siout'
1298 3562 1437 3622 manichei
1448 3574 1546 3640 putant
1558 3584 1565 3620 :
1576 3563 1623 3623 sed
1634 3562 1699 3618 illud
1709 3569 1751 3617 est
1761 3558 1912 3631 Erotrqelio

1112 3645 1289 3726 contrarium,
1304 3667 1333 3713 ut
1346 3657 1459 3730 quisque
1471 3673 1527 3713 rem
1542 3655 1682 3723 deserens,
1697 3668 1757 3725 quse
1771 3664 1819 3723 per
1832 3651 1913 3707 illam

1113 3751 1235 3828 umbram
1248 3749 1385 3823 liguratur,
1399 3751 1483 3823 ipsius
1493 3751 1593 3807 umbrie
1605 3758 1731 3821 sequatur
1740 3747 1911 3803 inanitatem.

1113 3843 1190 3916 Quod
1202 3845 1328 3903 uolebant
1342 3846 1388 3918 qni
1403 3843 1534 3903 Gentibus
1549 3844 1575 3899 iu
1587 3843 1725 3900 Christum
1737 3837 1914 3896 credentibus

1110 3937 1204 4010 jurpum
1219 3937 1429 3995 circuncisionis
1451 3935 1622 4008 imponebant
1641 3933 1717 4006 quusi
1738 3931 1772 3990 ad
1792 3931 1914 3988 sulutem

1113 4031 1314 4098 necessarium,
1330 4046 1390 4087 cum
1402 4030 1458 4102 jam
1477 4047 1530 4086 nnn
1547 4037 1618 4086 esset
1631 4027 1726 4092 tuubra
1746 4025 1773 4083 in
1794 4036 1914 4097 corpore

1113 4124 1266 4198 figuranda,
1279 4124 1326 4181 sed
1339 4140 1382 4180 res
1395 4125 1453 4196 ipsa
1467 4125 1495 4181 in
1508 4123 1588 4180 corde
1600 4120 1739 4196 gestanda.

1149 4217 1176 4278 ὅ.
1197 4220 1232 4276 El
1243 4218 1312 4292 quod
1326 4217 1410 4288 dicit,
1425 4216 1487 4274 Dice
1496 4215 1647 4285 obseruatis,
1662 4225 1686 4270 ct
1697 4211 1815 4279 rodomo,
1829 4215 1853 4265 ct
1864 4226 1913 4266 ro-

1114 4313 1273 4378 demuitutcr3
1286 4311 1361 4366 timeo
1372 4327 1435 4379 oor,
1452 4327 1484 4366 ne
1502 4313 1599 4383 {rostro
1619 4305 1784 4363 loboraverim
1797 4303 1825 4359 iu
1836 4301 1914 4358 ociis

1114 4403 1170 4480 (ld.
1185 4421 1222 4473 ιι,
1239 4402 1272 4460 lo
1282 4402 1358 4475 etll)
1370 4420 1378 4471 ;
1391 4417 1444 4459 non
1459 4401 1498 4458 sie
1512 4402 1639 4474 scriptum
1655 4410 1695 4456 est
1706 4405 1737 4455 ut
1749 4395 1913 4454 Adimantus

1114 4496 1202 4571 ponit.
1224 4495 1283 4551 Non
1305 4495 1379 4552 cuim
1398 4495 1519 4551 nominat
1535 4493 1572 4549 ibi
1590 4491 1729 4550 sabbatum
1750 4487 1911 4561 Apostolus.

1114 4593 1185 4649 hicn
1193 4592 1265 4650 enim
1278 4610 1285 4647 ε
1298 4581 1359 4647 Dies
1371 4590 1507 4646 obseruatis
1516 4597 1540 4645 ct
1551 4605 1642 4653 annor,
1653 4597 1677 4642 ct
1687 4595 1819 4658 temporu3
1832 4583 1915 4639 tinrco

1112 4701 1168 4754 ror,
1182 4700 1213 4740 ue
1227 4682 1325 4755 frustra
1339 4680 1505 4738 inhorruerim
1518 4680 1545 4735 iu
1557 4678 1636 4735 roob.
1650 4672 1703 4738 sed
1715 4683 1791 4750 putat
1801 4690 1862 4732 esse
1875 4675 1915 4732 de

1112 4775 1225 4831 sabbato
1238 4773 1362 4831 dictum?
1376 4771 1510 4844 Numquid
1533 4779 1561 4827 et
1582 4785 1633 4826 nos
1653 4785 1706 4825 non
1725 4767 1839 4824 dicimus
1858 4767 1916 4824 ista

1112 4880 1167 4923 non
1181 4880 1242 4920 esse
1256 4861 1422 4922 obseruanda
1435 4899 1444 4932 ,
1457 4859 1505 4919 sed
1519 4860 1562 4917 illa
1576 4859 1665 4932 potius
1677 4873 1738 4934 qute
1749 4854 1792 4915 his
1804 4857 1915 4928 siquid·

1113 4941 1230 5041 canturi
1245 4956 1285 5012 1111
1299 4956 1370 5012 enim
1386 4953 1568 5013 easeruilrter
1579 4953 1777 5019 observabant,
1795 4966 1850 5007 non
1865 4949 1915 5008 in·

1113 5053 1263 5125 telliqenles
1275 5049 1309 5106 nd
1323 5064 1437 5121 quarum
1456 5063 1546 5105 rerum
1560 5041 1785 5117 significationem
1798 5050 1825 5099 et
1839 5056 1917 5114 prae-

1113 5146 1307 5205 nuntiationem
1318 5135 1920 5224 pertinerent.ilooineisculpat'llpostolum

1113 5251 1142 5305 et
1163 5243 1190 5297 in
1212 5241 1338 5297 comibus
1359 5237 1405 5310 qui
1426 5236 1546 5292 seruiunt
1566 5243 1697 5291 menturae
1713 5233 1804 5306 potius
1827 5246 1916 5303 quom

1112 5333 1235 5392 Crmtoci
1245 5330 1332 5403 (Rern.
1344 5347 1371 5402 ι,
1382 5325 1440 5402 ts).
1455 5327 1521 5384 Nam
1530 5342 1581 5383 uos
1590 5341 1698 5398 quoque
1706 5336 1734 5382 et
1743 5321 1915 5381 dominicum

1112 5425 1184 5481 diem
1203 5434 1231 5482 et
1249 5423 1351 5479 Pascha
1365 5420 1523 5477 solemniter
1534 5406 1701 5475 celebramus
1713 5457 1721 5484 ,
1735 5424 1763 5473 et
1775 5411 1916 5488 quaslibet

1113 5517 1181 5575 clius
1193 5515 1355 5574 christianes
1366 5512 1471 5570 dierum
1484 5510 1653 5568 lesuriuter.
1667 5507 1720 5567 Sed
1733 5507 1795 5579 quia
1809 5505 1915 5562 iutelli-

1112 5609 1202 5684 pimus
1215 5622 1269 5680 quo
1281 5605 1443 5678 pertineant,
1459 5619 1512 5661 non
1524 5611 1646 5674 tempora
1660 5601 1845 5661 obuerurntus,
1858 5597 1919 5654 scd

1113 5718 1173 5776 quae
1196 5701 1249 5757 illis
1273 5699 1456 5771 significantur
1471 5693 1644 5765 temporibus.
1664 5689 1803 5748 liauiebtui
1815 5697 1913 5766 nutem

1113 5797 1154 5858 rio
1165 5809 1199 5854 cs
1212 5790 1431 5864 reprehendunt,
1454 5788 1530 5862 quasi
1550 5786 1638 5844 nullos
1659 5785 1718 5843 dier
1737 5789 1766 5842 et
1784 5790 1914 5854 tempora

1018 5938 1136 5968 >cm
