4034 6334
115 333 158 402 111
743 336 846 408 bloslt
862 342 1093 413 bbobltctlltls.

118 459 196 517 toclct
210 459 313 518 teneri.
324 457 404 530 Quod
412 455 536 520 columba
548 461 656 530 emissa,
670 476 724 520 non
736 464 844 521 inrenta
854 453 900 522 ree

118 553 165 626 quie
175 567 284 610 reuersa
299 563 363 623 est;
388 555 504 614 ostendit
522 571 571 628 per
583 554 688 614 Nonum
700 555 901 614 Testamentum

118 646 218 720 requiem
237 647 343 704 sanetis
356 646 383 702 in
397 645 448 704 hoe
464 647 564 705 mundo
585 663 639 704 non
656 661 717 707 esse
729 649 899 720 promissam.

118 739 168 796 Post
177 739 355 812 quadraginta
369 740 441 798 eninr
454 741 513 798 dies
526 741 623 799 emissa
637 751 695 810 est;
709 742 755 814 qui
774 755 902 798 numerus

20 841 21 846 ¹
119 833 193 896 rium,
206 847 269 903 quae
290 833 318 888 in
332 823 386 890 hoc
399 833 499 890 mundo
517 833 613 907 agitur,
627 833 768 907 significat.
782 819 902 904 benique

119 933 165 994 post
175 932 279 994 septem
294 924 354 982 dies
366 925 488 994 dimissa,
504 929 614 998 p'ropter
625 927 696 982 illam
708 925 898 998 septenariam,

118 1014 285 1086 operationem
298 1016 475 1088 spiritualem,
489 1016 568 1074 olivae
583 1017 750 1074 fructuosum
765 1016 901 1074 surculum

119 1105 194 1160 retulit
205 1123 213 1158 r
226 1120 282 1178 quo
295 1107 459 1178 signiticaret
470 1109 612 1166 nonnullos
622 1109 703 1166 etiam
717 1118 793 1166 extra
808 1107 902 1165 Eccle-

118 1197 170 1250 siam
184 1195 345 1265 baptizares,
360 1198 383 1256 si
396 1199 435 1255 eis
449 1199 581 1271 pinguedo
592 1213 646 1256 non
657 1199 772 1256 deluerit
785 1199 900 1256 charita·

119 1288 152 1356 tis,
164 1289 315 1360 posteriore
325 1297 446 1362 tempore
459 1292 535 1364 qnasi
550 1306 674 1364 vespere,
690 1293 717 1349 in
737 1306 784 1348 ore
798 1277 903 1348 colum·⁴

116 1377 285 1451 batanqnam
306 1380 334 1436 in
348 1382 441 1439 osculo
456 1383 545 1454 pacis,
564 1383 597 1438 ad
618 1382 727 1440 unitatis
747 1383 901 1439 societatem

116 1485 183 1542 posse
202 1470 326 1543 perduoi.
340 1471 418 1542 Quod
431 1481 492 1544 post
504 1473 571 1530 alios
583 1482 686 1545 septem
700 1473 758 1530 dics
772 1471 900 1544 dimissa,

116 1577 210 1619 rerersa
225 1572 335 1621 nonest
349 1563 426 1636 (Gerr.
441 1580 497 1632 ιιιι,
505 1563 599 1634 6-1ι);
613 1563 742 1638 significat
755 1563 835 1621 dnern
848 1581 901 1622 sre-

115 1654 168 1723 cnli‚
181 1655 290 1736 qundo
301 1657 354 1713 erit
368 1667 520 1714 sanctornm
533 1659 639 1730 requies
652 1673 705 1714 non
717 1657 804 1715 adbuc
818 1659 845 1714 ln
858 1673 902 1714 sa·

115 1759 240 1806 eramento
249 1749 320 1822 spei,
329 1765 383 1824 quo
396 1751 424 1808 in
433 1748 485 1807 hoc
497 1760 619 1822 tempore
629 1753 798 1810 consociatur
808 1751 902 1809 Eccle-

115 1841 155 1909 ιιι,
166 1841 295 1914 quamdin
308 1843 410 1900 bibitor
423 1844 494 1915 qnod
509 1844 543 1902 dc
554 1841 653 1902 Christi
666 1847 752 1904 latere
764 1847 900 1914 manarit;

114 1935 215 2006 sedium
229 1936 256 1990 in
274 1937 332 2008 ipsa
354 1937 516 2008 perlectione
531 1937 625 1993 salutis
638 1946 757 2006 aeternae,
769 1953 830 1995 cnm
846 1948 902 1994 tra·

113 2025 179 2084 detur
190 2043 304 2100 regnum
320 2030 376 2086 Dee
390 2038 417 2085 et
429 2029 502 2086 Patri
515 2027 538 2104 (1
553 2027 612 2086 Gor.
627 2046 672 2099 xv,
692 2029 751 2102 hl),
773 2041 801 2088 ut
816 2029 842 2086 ln
858 2031 902 2086 illa

54 2113 58 2122 '
113 2123 241 2192 perspicua
273 2123 501 2194 contemplatione
527 2123 753 2182 incommutabilis
781 2123 901 2180 veritatis

113 2213 181 2270 nullis
192 2215 332 2286 mysteriis
346 2215 529 2286 corporalibus
539 2229 675 2287 egeamus.

139 2305 250 2364 carun
265 2305 339 2362 llxl.
350 2335 385 2350 -ν
397 2301 481 2364 Nimis
492 2307 600 2379 longum
610 2315 667 2377 est,
678 2317 708 2364 ut
722 2309 764 2365 rel
779 2315 832 2366 ιιιιι
842 2309 903 2368 bre·

112 2399 169 2454 riter
179 2413 263 2470 quam
279 2399 338 2454 brec
352 2399 470 2466 cucurri,
486 2409 582 2457 cuncta
594 2402 744 2472 contingam
757 2417 764 2456 τ
775 2417 824 2458 cur
838 2416 902 2457 serr-

112 2494 250 2550 eentesimo
265 2503 294 2549 et
306 2509 362 2550 uno
375 2509 446 2550 anno
457 2495 518 2550 vitae
531 2492 597 2559 Noe,
613 2493 640 2550 id
649 2503 701 2562 cst,
712 2495 827 2568 peractis
840 2509 902 2552 ser-

1694 346 1752 420 tit

955 464 1049 536 perdat
1063 478 1123 521 eam
1136 463 1255 534 diluvio,
1279 474 1371 524 areum
1389 466 1436 540 qni
1456 478 1567 542 apparet
1587 470 1613 527 in
1633 473 1751 537 nubibus

954 553 1031 630 (Gen.
1046 573 1084 624 ιι,
1100 555 1184 632 tlt),
1198 559 1245 632 qni
1254 574 1390 632 nunquam
1403 560 1455 618 nisi
1469 560 1503 619 dc
1514 563 1572 620 sole
1584 565 1750 636 resplendet:

955 645 994 704 illi
1008 649 1081 705 enirn
1103 663 1163 732 non
1172 659 1286 722 pereunt
1306 651 1406 709 diluno
1426 654 1542 726 separati
1557 656 1595 739 ab
1607 650 1750 731 Ecclesia,

954 749 999 818 qni
1009 748 1037 805 in
1044 748 1186 820 Prophetis
1196 751 1356 808 etomnibns
1365 751 1462 810 divinis
1469 752 1613 824 Scripturis
1621 763 1749 826 tanquam

954 837 982 894 in
1000 838 1050 896 nei
1063 841 1178 898 nubibus
1191 851 1340 914 agnoscunt
1356 841 1456 900 Christi
1469 843 1592 916 gloriam,
1608 861 1661 903 non
1675 862 1751 916 qum·

953 940 1017 988 runt
1030 946 1118 988 suam.
1131 932 1230 990 Verum
1250 949 1284 990 ne
1298 933 1453 992 adoratores
1464 933 1543 1006 hujus
1555 937 1621 994 solis
1635 940 1751 1010 amplios

955 1030 1115 1104 tumescant,
1129 1024 1262 1082 sciamba
1283 1025 1429 1097 significari
1449 1025 1585 1084 Christum
1606 1030 1751 1102 aliquando

953 1129 1001 1186 per
1020 1117 1120 1185 solem,
1135 1119 1205 1174 sient
1218 1133 1266 1189 per
1284 1118 1408 1188 leonem,
1426 1133 1477 1194 per
1489 1134 1605 1193 agnum,
1618 1137 1667 1194 per
1680 1124 1751 1196 lapi·

953 1207 1026 1275 dem,
1046 1210 1187 1282 cujusdam
1199 1210 1384 1270 similitudinis
1394 1226 1491 1280 musa,
1506 1227 1561 1270 non
1577 1214 1750 1287 proprietatis

953 1303 1112 1360 substantia.

989 1394 1103 1452 CAPUT
1123 1397 1219 1454 llllltt.
1231 1429 1269 1441 -
1279 1398 1340 1456 lam
1360 1414 1426 1458 vern
1441 1401 1508 1460 illud
1518 1444 1526 1468 ‚
1538 1405 1611 1476 qnod
1625 1405 1659 1462 de
1670 1404 1751 1463 vinea

954 1501 1034 1558 quam
1046 1487 1184 1558 plantavit,
1198 1491 1345 1549 inebriatus
1356 1491 1424 1561 lice,
1438 1495 1553 1553 nudatus
1568 1506 1611 1555 est
1629 1499 1657 1554 ιιι
1668 1497 1751 1556 domo

953 1592 1001 1634 sna
1025 1578 1126 1653 (ltin,
1151 1581 1270 1660 2b25);
1288 1585 1332 1642 oni
1350 1591 1676 1660 nonappareatchristus
1687 1606 1750 1663 pas·

954 1685 1000 1728 sus
1014 1672 1042 1729 in
1062 1685 1142 1746 gente
1155 1676 1223 1731 sual
1240 1675 1315 1734 ‘lunc
1334 1678 1406 1736 enim
1423 1679 1521 1738 nudata
1534 1692 1579 1739 est
1600 1682 1750 1740 mortalitas

953 1763 1043 1820 carnis
1060 1764 1138 1838 eius,
1151 1765 1251 1823 iudaeis
1265 1768 1440 1840 scandalum,
1462 1771 1591 1830 Gentibus
1617 1773 1750 1844 stultitia,

953 1855 1020 1928 ipsis
1028 1866 1117 1914 antem
1132 1860 1235 1916 vocatis
1246 1859 1346 1918 iudaeis
1357 1871 1385 1918 et
1401 1860 1532 1920 Gentibus
1544 1876 1669 1937 tarrquam
1684 1865 1751 1922 Sem

954 1960 983 2008 ct
996 1950 1131 2022 tapheth,
1156 1953 1203 2009 hei
1217 1954 1300 2010 virtus
1314 1962 1342 2011 et
1359 1955 1408 2012 liei
1422 1955 1559 2029 Sapientia
1571 1979 1579 2016 r
1593 1959 1656 2030 qnia
1677 1952 1752 2031 qnod

954 2045 1126 2131 stultum-est
1139 2046 1205 2112 lici,
1226 2047 1374 2120 sapientius
1393 2059 1454 2115 est,
1468 2066 1548 2122 quam
1564 2053 1702 2120 bominem
1723 2060 1752 2110 et

953 2137 1025 2208 qnod
1048 2135 1183 2193 infirmnm
1205 2146 1247 2196 est
1267 2139 1335 2208 liei,
1354 2140 1450 2198 lortius
1468 2151 1511 2198 est
1531 2159 1612 2215 qnam
1627 2145 1752 2204 nominos

954 2226 976 2298 (l
988 2225 1049 2284 Gor.
1064 2243 1085 2296 1,
1099 2228 1207 2301 2323).
1220 2231 1337 2289 Proinde
1350 2235 1378 2290 in
1391 2233 1497 2293 duobus
1506 2235 1580 2304 liliis,
1593 2239 1709 2295 maximo
1722 2246 1752 2296 at

954 2319 1081 2389 minimo,
1105 2320 1158 2376 dno
1179 2323 1269 2393 populi
1285 2322 1408 2396 ligurati,
1430 2341 1511 2384 unam
1523 2337 1626 2386 vestem
1646 2339 1752 2402 atergo

955 2421 1102 2482 portantes,
1116 2423 1312 2471 sacramentnm
1326 2417 1428 2476 scilieet
1440 2419 1497 2490 J'am
1514 2421 1751 2492 praeteritamque

954 2504 1244 2562 transactedominicae
1254 2508 1403 2578 passionis,
1417 2510 1564 2568 nuditatem
1576 2513 1660 2583 patris
1676 2514 1751 2570 ¹ne·
1867 2529 1871 2535 ·

112 2587 186 2641 centis
198 2587 279 2642 annis
294 2587 416 2656 aperitur
433 2601 502 2642 arcae
517 2595 634 2655 tectum,
648 2595 675 2644 ct
689 2596 813 2659 tanquam
827 2603 903 2646 reue·
954 2608 1006 2666 que
1020 2595 1169 2664 intuentur,
1179 2598 1241 2668 quia
1251 2597 1278 2654 in
1287 2597 1386 2656 Christi
1399 2615 1492 2658 necem
1502 2616 1558 2658 non
1566 2603 1752 2672 consentione

112 2679 171 2738 latur
181 2680 253 2752 quod
264 2691 324 2738 erat
336 2682 520 2740 absconditum
528 2692 735 2740 sacramentum.
746 2681 799 2740 Cur
807 2683 904 2756 rigesi·
955 2690 982 2740 et
994 2691 1085 2742 tamen
1093 2684 1227 2743 honorant
1238 2687 1399 2757 velamento,
1416 2698 1540 2762 tanquam
1551 2693 1669 2750 scientes
1679 2693 1753 2749 unde

112 2770 274 2846 ma'septima
283 2773 329 2830 die
341 2772 451 2832 mcundi
465 2776 568 2832 mensis
578 2773 675 2831 dicitur·
686 2775 801 2832 siccasse
811 2777 901 2832 terra¹
954 2775 1008 2830 sint
1020 2777 1086 2832 nati.
1102 2775 1204 2834 llediua
1214 2788 1304 2836 autem
1317 2779 1398 2849 illius,
1411 2781 1499 2849 idest,
1514 2784 1630 2854 populus
1641 2783 1752 2841 ludeo·

114 2862 255 2936 (Gennn,
271 2867 317 2934 ts,
334 2867 407 2938 lt),
423 2875 548 2939 tanquam
561 2866 636 2924 linita
651 2877 723 2924 essct
742 2868 798 2939 jam
813 2867 902 2940 bapti·
954 2882 1025 2934 rum,
1041 2868 1102 2925 ideo
1120 2869 1234 2938 medius,
1250 2871 1313 2942 quia
1328 2886 1379 2928 nec
1400 2872 1543 2942 primatum
1558 2875 1753 2945 Apostolorum

113 2958 180 3014 nandi
193 2961 345 3016 necessitas
355 2961 382 3016 in
397 2975 510 3018 numero
524 2959 630 3018 dierum
643 2951 864 3034 quinquagesimo
876 2969 903 3018 ct
954 2960 1052 3028 tenuit,
1065 2975 1116 3016 uec
1129 2959 1237 3018 ultimus
1251 2963 1277 3016 in
1289 2961 1419 3020 Gentibus
1431 2963 1554 3033 credidit,
1569 2964 1636 3022 sidit
1645 2966 1753 3024 nudita-

113 3050 228 3120 septimo.
243 3052 305 3124 lpse
320 3053 442 3108 estenim
454 3053 512 3110 dics
525 3052 635 3110 secundi
649 3053 749 3110 mensis
760 3053 903 3126 vigesimus
954 3057 1009 3108 tem
1025 3051 1120 3123 patris,
1133 3053 1195 3124 qula
1207 3055 1343 3112 consensit
1361 3055 1388 3111 in
1401 3070 1495 3112 necem
1507 3056 1607 3114 Christi
1618 3075 1626 3126 ;
1639 3068 1668 3118 ct
1679 3076 1752 3116 nun-

111 3144 242 3214 septimus,
254 3145 301 3217 qui
312 3160 441 3204 numerus
456 3145 543 3202 cxilla
558 3145 745 3218 conjunctione
758 3146 866 3217 spiritus
876 3154 903 3202 et
955 3143 1031 3202 tiarit
1049 3143 1121 3200 loras
1137 3145 1282 3204 tratribus:
1298 3163 1346 3218 per
1359 3162 1421 3204 enm
1433 3148 1532 3221 qnippe
1550 3150 1754 3211 manifestatum

111 3239 239 3308 eorporis,
256 3239 359 3310 septies
379 3248 490 3296 octonos
504 3239 601 3308 babet,
616 3253 669 3296 uno
687 3239 780 3296 addito
794 3249 903 3312 propter
955 3244 1007 3305 est,
1019 3242 1048 3293 ct
1058 3235 1174 3307 quodam
1188 3237 1268 3294 modo
1288 3237 1461 3308 publicatum.
1479 3240 1551 3312 quod
1570 3252 1629 3298 erat
1641 3243 1668 3298 in
1685 3243 1753 3300 Pro·

20 3355 21 3360 ι
110 3333 209 3390 unitatis
225 3332 374 3389 vinculum.
395 3331 449 3389 Cur
461 3333 495 3390 dc
508 3349 570 3390 arca
585 3333 720 3403 coniuncti
734 3343 840 3399 exeant,
857 3335 902 3406 qui
955 3328 1208 3400 pluetiasscretnmr
1221 3329 1375 3401 ideoquene
1389 3347 1484 3389 servus
1502 3332 1614 3388 lratnnn
1628 3348 1751 3391 snorum.

111 3423 230 3496 disjuncti
245 3426 425 3483 intraverant.
438 3425 484 3483 Sic
496 3428 568 3482 enim
581 3426 682 3484 dictum
695 3437 763 3496 erat,
779 3425 851 3500 quod
863 3427 904 3484 in·
954 3421 1025 3490 Quid
1037 3430 1078 3477 est
1090 3421 1162 3478 enim
1172 3421 1244 3477 aliud
1259 3420 1391 3493 hodieque
1406 3437 1473 3494 gens
1486 3424 1554 3495 ipsa,
1563 3425 1616 3480 uisi
1627 3425 1753 3495 quadam
1783 3504 1788 3514 Q

109 3519 210 3574 tranent
224 3519 253 3574 in
268 3533 359 3574 arcam
370 3517 426 3574 Noe
436 3526 463 3574 et
477 3518 522 3575 lriii
535 3517 603 3590 ejus,
616 3528 644 3576 et
656 3535 723 3576 uxor
733 3518 790 3591 ejus
800 3527 828 3574 et
838 3533 902 3576 uxo·
954 3513 1093 3570 scriniaria
1100 3510 1323 3580 Christianorum,
1333 3513 1455 3583 bajulans
1463 3513 1560 3586 Legem
1571 3515 1752 3585 etPrnpbetas

108 3621 147 3662 res
161 3609 280 3666 liliorum
296 3609 355 3680 eius
370 3605 426 3682 (lu.
440 3623 488 3676 ιιι,
505 3609 531 3682 l)
549 3627 556 3666 ι
571 3624 693 3666 seorsum
707 3609 766 3676 viri,
781 3624 902 3666 seorsum
955 3604 989 3662 ad
998 3606 1179 3661 testimenium
1186 3604 1340 3660 assertionis
1348 3604 1486 3670 Ecclesiae,
1496 3606 1752 3667 utnosbonoremua

108 3697 209 3758 leminae
237 3710 457 3758 commemoratae
477 3709 549 3757 sunt.
572 3699 670 3764 ln‚lruc
689 3701 760 3758 eninr
783 3710 904 3774 ternpore
955 3713 1004 3772 per
1018 3705 1230 3763 sacramentnm,
1249 3695 1494 3768 quodanntiatilla
1507 3697 1702 3768 perlitteramt

109 3793 182 3866 hujus
207 3795 388 3862 sacramenti,
418 3810 481 3852 caro
505 3795 670 3866 concupiscit
690 3795 820 3852 adversus
846 3797 902 3866 spi·
990 3789 1106 3847 CAPUT
1124 3787 1459 3856 xiib—Quemnam
1480 3790 1753 3861 mnexciut,quam

107 3885 202 3956 ritum,
230 3897 258 3944 et
271 3887 384 3959 spiritus
403 3885 530 3944 adversus
545 3901 654 3944 earnem
671 3885 776 3956 (Goion
791 3903 822 3952 r,
837 3887 870 3942 17
880 3887 902 3958 ).
956 3897 1010 3940 nen
1021 3882 1066 3939 rel
1079 3881 1216 3949 iniormet,
1231 3880 1274 3938 rel
1288 3879 1429 3952 confirmet
1446 3881 1474 3937 iu
1487 3880 1553 3948 lide,
1565 3881 1636 3953 quod
1650 3882 1687 3938 ita
1701 3882 1752 3942 he·

109 3977 210 4037 Errant
229 3989 321 4038 antem
350 3979 408 4038 Noe
434 3988 461 4036 et
484 3995 551 4036 uxor
578 3979 652 4050 ejus,
678 3989 706 4034 et
733 3978 779 4034 tilii
800 3977 858 4049 ejus
876 3986 904 4034 ct
956 3974 1116 4032 nedicuntor
1134 3974 1189 4030 duo
1200 3973 1257 4042 1111,
1276 3973 1321 4046 qui
1336 3972 1483 4030 nuditatem
1504 3972 1753 4043 pan-ishonorare·

109 4085 203 4130 uxores
216 4073 337 4130 liliorum
352 4072 411 4144 eius
425 4070 501 4144 (Gen.
516 4086 581 4138 rur,
597 4069 660 4144 18),
674 4083 746 4126 nnnc
762 4068 904 4140 coniuncte
955 4075 1029 4136 runt,
1042 4067 1164 4140 quamuis
1185 4065 1291 4128 aaaron
1305 4065 1380 4121 reiut
1390 4063 1487 4136 quihus
1502 4064 1601 4123 laetum
1614 4068 1753 4126 seelerarae

107 4168 309 4226 commemorati
323 4165 436 4224 maseuli
455 4174 482 4222 et
498 4164 605 4222 feminac
615 4183 622 4218 ι
634 4164 694 4235 quia
708 4163 734 4218 in
748 4161 800 4218 linc
814 4162 904 4218 saeculi
955 4159 1042 4218 uineae
1052 4157 1236 4232 displicuerit?
1249 4157 1411 4225 Benedictus,
1431 4158 1526 4232 inquit,
1543 4159 1667 4218 Doudoua
1681 4162 1753 4220 bars

107 4270 184 4333 atque
198 4264 226 4320 in
239 4260 592 4332 resurrectionejustorum,
607 4257 759 4316 omnimoda
772 4266 800 4314 et
814 4256 904 4328 perie-
957 4251 1029 4308 Sem.
1057 4251 1214 4322 Quanquam
1233 4251 1304 4306 eninr
1328 4251 1365 4306 sit
1384 4251 1455 4307 lteos
1474 4252 1593 4308 omniurn
1610 4255 1752 4325 gentium,
1808 4282 1810 4285 ·

106 4363 146 4410 cta
161 4370 227 4426 pace
241 4354 350 4427 spiritui
360 4368 458 4426 corpus
472 4352 630 4420 adlraercbit,
643 4351 715 4406 nulla
736 4350 905 4408 mortalitatis
956 4342 1072 4412 quodam
1083 4341 1164 4398 modo
1179 4352 1269 4398 mmcu
1280 4343 1388 4414 proprio
1402 4343 1534 4399 vocabulo
1543 4344 1608 4400 etin
1622 4345 1688 4416 ipsis
1694 4345 1752 4417 iam

105 4443 252 4518 indigentia
262 4446 307 4504 sel
315 4445 530 4516 coucupiscentia
539 4443 691 4502 resistente.
703 4441 760 4499 liur
768 4443 903 4512 animalia,
957 4431 1089 4490 Gentibus
1101 4432 1199 4489 dicitur
1210 4432 1282 4488 Deus
1294 4431 1386 4488 151101·
1400 4432 1437 4488 Et
1447 4433 1517 4490 unde
1528 4433 1688 4526 hociaeturn
1697 4448 1751 4506 est,

105 4539 227 4606 quamvis
240 4537 379 4594 etmurrda
392 4536 568 4594 etimmunda
582 4536 608 4590 in
622 4549 683 4590 area
695 4534 803 4604 luerint,
815 4543 904 4592 tannen
957 4525 1009 4582 nisi
1030 4541 1065 4581 0¹
1084 4525 1418 4597 1111111111θῦ11111111111
1433 4525 1461 4583 ¹¹¹
1474 4530 1572 4600 ll⁰lil¹l⁰
1591 4532 1662 4586 enlm
1677 4531 1751 4588 Gett-

105 4639 163 4696 post
176 4645 321 4702 egressum
335 4627 370 4684 de
384 4643 446 4684 arca
461 4642 514 4684 non
529 4627 679 4684 offeruntur
697 4627 752 4684 lieo
764 4625 790 4684 in
804 4625 906 4686 sacriti-
957 4616 1026 4676 dum
1039 4625 1125 4674 totum
1137 4618 1230 4674 orbern
1245 4628 1375 4678 terrarum
1390 4623 1530 4692 occuparit
1548 4621 1678 4680 Ecclesia.
1695 4623 1753 4680 lloe

104 4717 143 4776 cio
155 4723 211 4780 nisi
221 4722 326 4778 munda
343 4713 436 4792 (ltin,
450 4719 508 4794 20).
957 4728 1079 4786 prorsus,
1090 4713 1142 4770 boc
1150 4712 1388 4785 praenuntiabatur,
1400 4729 1462 4771 cum
1472 4715 1624 4776 diceretur:
1638 4715 1753 4784 tutificat

20 4883 21 4888 η
136 4814 258 4873 CAPUT
279 4813 366 4872 111111.
382 4845 418 4854 -
431 4813 501 4884 Quid
514 4811 614 4870 deindo
631 4812 682 4870 sibi
699 4811 780 4882 uelit,
798 4809 907 4870 Deolo·
958 4807 1201 4880 Dernlopbctb,et
1214 4807 1634 4880 badoetindonritassemffieo.
1649 4822 1688 4873 rx,
1703 4807 1751 4876 26,

103 4920 203 4976 qoente
223 4906 262 4964 ad
274 4905 332 4968 noe
352 4915 380 4964 et
402 4915 527 4980 tanquam
549 4919 643 4964 rursus
656 4905 690 4962 ab
702 4905 830 4971 exordio,
844 4904 906 4976 qnia
958 4897 1016 4974 27).
1030 4899 1136 4968 Videte,
1148 4897 1298 4967 ldanicbaei,
1312 4899 1419 4968 videte;
1433 4915 1498 4958 ecce
1510 4900 1538 4956 in
1551 4905 1753 4969 conspectura·

103 5001 198 5057 multis
221 4999 312 5056 modis
326 4998 421 5056 eadem
443 4997 588 5070 significari
610 4997 768 5070 oportebat,
794 4997 907 5070 figuram
959 4999 1016 5052 stro
1034 4999 1077 5050 cst
1089 4991 1162 5048 orbis
1179 5000 1311 5049 terrarum
1325 5011 1333 5048 ε
1347 4991 1404 5050 boe
1412 4992 1534 5064 stupetis,
1550 4991 1603 5046 hoc
1613 4989 1712 5046 doletis
1724 4992 1753 5048 in

20 5113 21 5156 t
105 5079 239 5152 Ecclesiae
252 5092 467 5158 commendante,
482 5091 553 5166 qrrod
570 5089 713 5164 progenies
727 5089 785 5161 ejus
798 5088 907 5146 henedi-
958 5083 1065 5157 populis
1088 5083 1202 5150 nostris,
1227 5084 1289 5156 quia
1303 5083 1412 5139 latilieat
1428 5084 1499 5140 Dens
1517 5081 1642 5152 iapheth.
1656 5080 1754 5140 Videte

20 5229 21 5232 ,
101 5185 175 5242 citur
191 5185 403 5259 adimplendam
415 5181 907 5256 terramqnoddantureisincscom
960 5178 1050 5236 sinon
1068 5175 1207 5233 habitatin
1222 5177 1345 5234 domibus
1366 5176 1447 5240 Sem,
1463 5175 1553 5242 idest,
1567 5174 1595 5230 in
1607 5175 1754 5247 Emlesiis,

20 5263 21 5306 ἕ
101 5289 207 5336 cuncta
227 5278 377 5334 animalia:
398 5276 507 5334 sicutin
529 5274 576 5331 illo
594 5274 669 5332 disco
691 5273 771 5330 Petro
785 5271 901 5342 dicitur,
960 5267 1752 5344 quastiliiProplretarumlpostoliconstruxerunthudita

20 5377 21 5416 ἐ
100 5365 198 5426 liacta
218 5378 244 5426 et
256 5369 383 5426 monciaco
397 5367 499 5441 (Acta
519 5365 577 5438 15).
592 5364 669 5435 Quod
681 5365 768 5436 eiecto
779 5365 909 5436 sanguine
961 5361 1215 5434 quiddieatPaulus
1225 5361 1281 5433 iarn
1297 5358 1422 5416 fidelibus
1436 5356 1565 5414 Geotihus
1581 5374 1590 5414 t·
1606 5358 1753 5432 Quieratis,

96 5461 240 5532 jubentur
254 5466 416 5522 manducare
433 5479 440 5518 ι
455 5478 491 5519 ne
505 5461 558 5517 rita
570 5461 680 5532 pristina
695 5460 770 5532 quasi
781 5457 908 5515 suiiocata
962 5453 1064 5526 inquit,
1079 5453 1164 5508 ittoin
1177 5462 1289 5523 tempore
1301 5452 1355 5507 sine
1368 5447 1756 5520 circumspiceremus

96 5554 125 5610 in
138 5558 318 5616 conscientia
338 5564 477 5622 teneatur,
490 5554 536 5612 scd
551 5551 648 5610 haheat
661 5561 785 5623 tanquam
798 5550 908 5608 edesio·
962 5545 1056 5614 lsrael,
1067 5556 1090 5602 et
1102 5546 1226 5618 peregrini
1235 5543 1460 5613 Teemmentoram,
1470 5551 1494 5599 et
1504 5546 1676 5617 montaneis
1684 5563 1756 5619 spem

95 5661 165 5704 nem
175 5665 234 5721 per
241 5648 448 5706 contessionem.
457 5646 533 5717 Quod
545 5653 732 5712 testarnentpm
742 5644 830 5715 posuit
839 5643 910 5700 Deus
962 5641 1192 5703 molundensem
1205 5637 1259 5692 sine
1269 5634 1325 5691 Deo
1338 5635 1367 5691 in
1377 5636 1426 5692 boc
1437 5637 1541 5694 mado.
1555 5637 1609 5696 Per
1622 5639 1680 5696 laaeo
1692 5654 1755 5695 ver-

93 5738 176 5798 inter
192 5757 233 5800 se
244 5751 272 5804 ct
285 5742 408 5800 homines
423 5748 502 5813 atque
515 5755 622 5796 ornnem
635 5740 751 5796 animam
764 5736 863 5806 rivam,
875 5749 911 5796 ne
964 5733 998 5792 ba
1007 5731 1157 5790 ostenditur
1170 5728 1243 5802 quod
1256 5728 1376 5786 noudum
1387 5729 1525 5790 habitabat
1535 5729 1649 5804 topbeth
1662 5730 1691 5788 in
1704 5731 1755 5790 do·

128 5859 141 5894 ⁸
157 5863 204 5910 tta
217 5865 274 5910 nass.
286 5863 314 5908 ιι
324 5859 351 5908 in
362 5855 445 5918 editis,
459 5854 562 5907 measse
576 5856 675 5906 merom.
996 5849 1007 5883 ¹
1024 5842 1233 5910 stromateum
1247 5845 1325 5911 putris
1336 5845 1424 5900 oelmd.
1435 5848 1519 5907 abest,
1529 5844 1617 5907 ocimu,
1626 5856 1641 5896 a
1651 5852 1707 5900 rm.

259 5941 360 6003 Seuer
394 5943 529 5998 Arnum.
546 5938 629 5998 vlll.
647 5953 651 5960 ·
1472 5930 1603 6014 (litus.)
