4034 6334
265 368 369 432 utboni
382 380 411 429 et
425 369 487 427 mali
500 373 651 426 versamur.
664 363 740 436 Quod
755 371 863 434 septena
875 358 1054 425 sniumundo,

265 451 1057 534 mmmmfflmssmmmm

265 565 327 614 sunt
340 557 402 612 niali
414 569 493 627 quain
506 553 585 618 boul;
601 547 648 606 seil
661 549 721 620 qiiia
735 545 798 602 boni
811 552 919 600 seruant
927 543 1057 598 unitatem

266 650 374 720 spiritus
395 647 422 702 lii
446 645 552 701 uinculo
573 641 654 712 pacis.
675 639 801 695 Sanctum
821 644 910 692 autern
930 631 1059 704 Spiritum

266 741 357 797 divina
370 739 504 808 Scriptura
517 736 543 790 in
554 727 700 803 septiformi
713 727 866 800 operatione
878 723 1056 788 commendat,

266 827 404 900 sapientiae
416 835 444 883 et
458 824 616 887 fritelleetus,
627 819 729 876 consilii
742 828 770 874 ct
781 815 954 882 fortitudinis,
968 813 1058 870 scicn-

266 922 311 976 tiac
326 916 490 990 et'pietatis,
507 923 534 970 et
549 911 652 968 timoris
666 911 712 966 bei
731 907 809 982 (frui.
822 923 866 975 xi,
881 907 914 974 9.,
929 905 968 978 5).
982 903 1060 962 Unde

266 1021 294 1068 et
313 1011 356 1084 illc
370 1020 502 1063 numerus
522 1001 715 1076 quinquaginta
730 997 833 1055 dierum
855 996 888 1052 ad
914 993 1059 1051 adrentum

267 1099 351 1157 sancti
362 1097 476 1169 Spiritus
487 1095 633 1166 pertinens,
645 1092 671 1147 iii
685 1089 784 1162 septies
795 1087 922 1160 septenis,
937 1087 981 1158 qui
993 1083 1061 1140 bunt

266 1191 440 1264 quadraginta
455 1187 571 1254 novem,
586 1199 640 1240 urio
652 1183 741 1240 addito
760 1188 977 1244 consummatur;
996 1193 1060 1249 pro-

257 1280 326 1354 'pter
348 1280 419 1351 quod
439 1279 540 1336 dictum
563 1285 625 1332 cst:
653 1273 788 1332 Stridentes
814 1285 913 1328 seruare
939 1271 1060 1324 unitatem

265 1377 370 1447 spiritus
381 1373 408 1428 t‘o
421 1370 521 1427 uinculo
534 1370 603 1442 pacis
617 1367 726 1440 (Epire.
740 1381 788 1433 iv,
802 1361 840 1438 ὅ).
854 1361 914 1420 ilaii
929 1372 1018 1419 autem
1033 1363 1060 1415 iii

266 1466 371 1522 biiiario
384 1459 538 1520 nuiuero'ad
550 1459 692 1516 schismata
704 1456 805 1525 faciles,
816 1461 843 1511 et
856 1454 969 1525 quodam
981 1451 1061 1507 oiuilo

267 1555 412 1613 divisibiles
437 1550 624 1608 ostenduntur.
650 1547 727 1616 Quod
751 1549 808 1618 ipse
833 1545 890 1602 Noe
916 1559 976 1601 cuin
1004 1542 1061 1598 suis

268 1657 379 1703 oetaims
393 1650 548 1700 numeratur
560 1659 568 1696 ι
579 1640 638 1713 quia
653 1639 679 1694 iu
692 1637 799 1694 cbristo
811 1651 872 1708 spes
884 1635 1060 1692 resurrectio·-

267 1737 309 1794 nis
322 1743 420 1793 nostrae
434 1731 565 1806 apparuit,
580 1731 626 1802 qui
638 1741 733 1786 omaro
746 1726 799 1795 die,
815 1725 907 1793 idest,
924 1731 983 1796 post
997 1724 1061 1777 sab-

267 1833 474 1907 bati-septimum
488 1829 590 1904 primo,
602 1842 618 1886 a
631 1824 743 1882 mortuis
762 1821 927 1886 resurrexii;
941 1819 985 1892 qui
1002 1820 1061 1874 ittes

266 1944 283 1982 a
297 1927 421 2000 passione
435 1923 547 1990 tertius,
560 1917 588 1976 ln
606 1930 718 1975 numero
737 1921 826 1972 autent
838 1909 941 1970 dicrum
957 1909 1000 1980 qui
1014 1921 1062 1979 per

267 2033 347 2074 omne
359 2026 463 2086 tempus
476 2014 627 2079 uoluuntur,
641 2015 669 2067 et
682 2019 794 2065 oetarus
806 2013 834 2062 et
846 2005 947 2077 primus
960 2011 1013 2060 est.

265 2127 267 2134 ’
302 2103 417 2164 ΕΑΡΙΙΤ
433 2103 503 2160 Xfl.
514 2101 635 2171 —Quod
648 2115 710 2156 arca
722 2097 833 2155 collecta
846 2095 880 2151 ad
895 2110 975 2150 unum
988 2092 1062 2149 cubi·

164 2203 166 2206 ’
263 2191 323 2258 ¹tum
342 2199 458 2271 desuper
481 2202 703 2254 consummatur:
727 2191 796 2247 sicut
823 2187 941 2245 Ecclesia
964 2189 1062 2256 eorpus

264 2292 364 2349 'Cliristi
379 2289 406 2345 in
419 2287 547 2345 unitatem
557 2285 667 2342 collecta
679 2281 837 2339 sublimatur
848 2285 877 2334 ct
889 2275 1024 2348 perluitur
1039 2275 1060 2329 ¹.

270 2373 421 2441 lfitdedicit
443 2380 470 2438 iit
495 2379 658 2450 Evangelio:
681 2375 730 2443 Qut
753 2387 851 2428 nucum
873 2387 923 2426 ooo
944 2367 1061 2441 colligit,

269 2479 367 2550 spiargit
379 2474 483 2546 (llattb.
497 2488 552 2540 xii,
566 2471 624 2541 ab).
639 2467 717 2538 Quot
736 2465 824 2523 aditus
837 2465 863 2522 εἰ
883 2465 910 2519 fit
922 2477 937 2518 a
957 2464 1060 2518 latere:

269 2583 347 2626 ricino
359 2565 456 2640 quippe
467 2565 546 2620 intrat
561 2563 587 2617 in
600 2559 762 2624 Ecclesiam,
779 2555 830 2612 uisi
844 2569 891 2627 per
901 2553 1061 2610 Sacramen-

269 2671 325 2714 tum
344 2655 510 2714 remissionis
533 2662 720 2724 peecatorum:
737 2647 788 2703 lioc
801 2655 890 2702 autem
909 2642 943 2700 de
961 2641 1061 2699 Cirristi

268 2751 352 2805 latere
365 2757 458 2820 aperto
479 2743 604 2803 manauit.
619 2739 696 2811 Quod
710 2739 836 2796 iuferiora
855 2737 929 2792 arear¹
943 2735 1062 2793 bicame-

271 2850 328 2896 rata
341 2848 369 2896 et
383 2839 550 2894 tricamerata
561 2841 750 2890 coiistiuuntur
763 2827 839 2902 (Gen.
851 2843 896 2895 ιι,
913 2827 957 2896 ab)
971 2845 979 2881 :
993 2825 1063 2882 sicut

269 2947 303 2988 es
323 2931 448 2987 omnibus
471 2925 594 2999 gentibus
618 2911 664 2980 rel'
687 2921 839 2994 bipartitam
864 2917 1061 2974 multitudinem

226 3047 227 3052 ¹
269 3015 419 3094 caiigregat'
431 3019 550 3076 Ecclesia
562 3057 571 3083 ‚
582 3023 690 3087 propter
708 3009 938 3069 circumcisionem
950 3017 977 3065 et
992 3023 1063 3079 prcc-

270 3113 393 3184 pntiuui;
415 3109 459 3166 rel
487 3107 662 3181 tripartitam,
685 3111 795 3176 propter
821 3111 875 3158 tres
900 3101 968 3157 ilios
994 3099 1062 3166 Noe,

269 3219 383 3276 epicurum
405 3199 530 3274 progenie
551 3199 668 3271 repletus
687 3205 729 3254 est
749 3195 832 3252 orbis.
857 3193 892 3250 Et
912 3193 972 3250 iileo
993 3207 1064 3250 arcae

269 3295 395 3352 inferiora
409 3294 457 3349 ista
475 3292 543 3348 dieta
557 3297 634 3354 sunt,
649 3287 710 3359 quia
724 3287 751 3342 in
764 3287 814 3341 liae
827 3293 934 3341 terrena
954 3283 1006 3338 uita
1022 3291 1065 3338 est

269 3389 409 3446 diuersitas
422 3385 560 3458 guisiam,
575 3383 601 3438 in
614 3395 719 3438 summo
732 3388 821 3434 autem
832 3391 930 3434 omues
942 3375 968 3432 iii
981 3389 1063 3431 unum

270 3491 496 3537 coiisuuimamnr.
511 3475 545 3531 Et
565 3481 673 3530 nonest
687 3471 737 3526 ista
752 3469 885 3525 uarietas:
900 3465 961 3539 quia
974 3468 1064 3522 omnia

269 3587 296 3633 et
311 3575 338 3630 in
359 3573 483 3630 omnifluus
496 3569 616 3626 Clirlstus
629 3573 687 3632 est,
702 3573 827 3635 tanquam
841 3575 891 3618 nos
903 3561 930 3616 iii
944 3573 997 3631 urio
1015 3574 1057 3614 eu·

269 3667 324 3722 tito
336 3667 452 3736 desuper
463 3659 564 3720 caelesti
578 3659 680 3715 unitate
689 3669 889 3712 coiisirinniaus.

304 3753 417 3811 CAPUT
435 3751 518 3808 ttt'tt.
533 3781 568 3792 -
580 3747 656 3820 Quod
675 3757 734 3818 post
753 3745 856 3816 septem
880 3744 938 3801 dies
958 3757 991 3799 ex
1011 3757 1065 3814 quo

270 3847 407 3915 ingressus
416 3841 524 3899 estlloe
535 3842 672 3906 lauream,
684 3837 781 3894 factum
791 3845 832 3891 est
842 3833 970 3891 dilui-tuin
983 3850 990 3887 ε
1003 3833 1064 3904 quia

270 3937 297 3993 iu
310 3951 358 4008 spe
372 3935 466 3990 biturte
478 3933 584 4004 quletis,
598 3945 657 4002 qnae
671 3929 783 4000 septimo
795 3926 839 3981 die
850 3925 997 3997 significata
1011 3931 1062 3990 εει,

270 4023 444 4098 baptizantur.
466 4020 541 4090 Quod
561 4029 657 4091 preter
678 4032 767 4074 arcani
782 4015 869 4070 omnis
888 4029 962 4081 caro,
983 4027 1063 4084 quani

271 4131 341 4176 terra
351 4116 528 4182 somniabat,
540 4111 641 4169 diluuio
655 4107 811 4178 consumpta
823 4115 881 4163 est:
896 4107 956 4176 quia
969 4113 1065 4174 pra-tor

272 4211 399 4270 Ecclesiae
412 4209 583 4273 societatem,
601 4219 668 4274 aqua
683 4199 811 4271 Baptistui
831 4198 951 4268 quantivis
970 4196 1064 4250 trtilein

270 4307 324 4374 sit,
338 4317 391 4360 uon
404 4301 489 4357 solum
504 4313 558 4354 non
571 4288 641 4352 ualet
653 4293 686 4350 ad
699 4293 821 4356 satutem.
836 4289 883 4346 sed
895 4289 964 4344 ualet
976 4289 1064 4358 potius

271 4399 305 4455 ad
317 4395 473 4470 perniciem.
484 4390 558 4463 Quod
571 4387 743 4461 quadraginta
753 4384 847 4440 diebus
856 4391 883 4440 et
892 4379 1064 4454 quadraginta

271 4489 394 4546 noctibus
411 4486 477 4556 pluit
494 4482 549 4556 (ld.
569 4495 623 4545 ιιι,
642 4477 760 4548 ll-23);
783 4475 844 4546 qula
866 4473 953 4530 omnis
975 4480 1065 4528 reatus

271 4587 451 4652 peecatorum,
462 4577 507 4649 qui
520 4574 647 4632 indecem
662 4570 802 4644 praeceptis
811 4567 893 4641 Legis
905 4567 1062 4634 admittitur,

272 4685 321 4743 per
333 4671 485 4726 uitiicisum
501 4667 592 4723 orbem
607 4673 747 4729 terrarum,
761 4665 805 4732 qul
818 4668 931 4732 quatuor
945 4657 1065 4729 partibus

272 4761 441 4826 citudiietur;
454 4758 546 4814 dcecm
561 4754 658 4828 quippe
670 4751 852 4825 quaterducta
865 4792 873 4819 ‚
890 4748 1064 4821 quadraginta
1085 4779 1088 4782 ·

272 4855 355 4921 lluot3
366 4851 424 4908 siue
435 4850 480 4908 ille
493 4857 591 4912 ruanis,
603 4844 674 4916 quod
684 4843 717 4899 ad
725 4843 783 4899 ates
794 4841 918 4913 pertinet,
930 4855 962 4895 ex
973 4853 1063 4894 rerum

271 4943 456 5016 prosperitate.
473 4941 539 5006 siue,
555 4937 623 5007 quod
637 4935 671 4992 ad
681 4945 784 4999 noctes,
795 4949 830 4988 ex
840 4947 931 4989 rerum
944 4930 1064 4987 adversi·

270 5047 324 5093 tate
347 5042 499 5092 contractas
524 5033 576 5098 sit,
603 5034 771 5088 sacraiucnto
795 5023 923 5097 Baptismi
946 5022 1064 5080 eielcstis

270 5130 395 5185 abluitur.

306 5217 418 5275 CAPUT
437 5210 531 5272 lllllli.
545 5243 579 5254 -
593 5211 669 5282 Quod
691 5209 747 5266 lioe
773 5207 978 5280 quingentorum
1004 5213 1064 5262 erat

270 5323 400 5366 annorum
418 5323 478 5362 cuin
500 5307 525 5363 ei
540 5305 643 5361 locutus
657 5311 698 5358 est
719 5299 846 5356 bomiiius
866 5308 895 5368 ut
909 5311 998 5352 arcani
1012 5295 1063 5351 sibi

271 5401 387 5469 ¹fuceret,
401 5410 428 5456 et
440 5407 580 5456 sescentos
594 5396 688 5470 agebat
700 5407 785 5450 aniius
798 5405 859 5448 cum
877 5391 903 5447 iii
917 5405 976 5446 eam
991 5398 1063 5445 esset

305 5575 435 5625 Ιιιιιιίειιιι
457 5571 506 5624 duo
526 5579 555 5636 ct
575 5571 684 5623 Gallicani
705 5581 781 5636 prope
799 5579 885 5618 omncs
903 5573 975 5624 tiss,
996 5563 1062 5615 sicud

267 5635 403 5690 wiotum
413 5647 500 5698 corpus
510 5630 600 5686 cumbi
615 5634 641 5686 bt
650 5633 768 5686 tadmtcut
785 5631 909 5683 collectaria
920 5625 1062 5681 siiblbuotct

274 5695 376 5764 gripun

674 247 811 308 CONTRA
830 239 993 304 satisfuit
1012 239 1288 301 sustentatibus.
1308 239 1494 302 susbsatat

1847 237 1906 302 tot

1111 357 1357 430 iiigrcssiisfffeuu,
1366 358 1412 427 bl,
1423 366 1471 423 ιιι,
1480 357 1521 432 d),
1530 356 1602 414 unde
1610 357 1766 432 intelligitur
1776 373 1825 432 per
1837 375 1905 417 ceu·

1110 457 1167 506 tuns
1188 465 1273 506 anuos
1294 465 1355 506 arca
1377 449 1521 518 fabricata3
1543 450 1608 521 qnid
1627 451 1698 506 aliud
1716 452 1760 508 liic
1780 451 1906 508 uidentur

1111 552 1218 599 centum
1231 543 1292 597 anni
1306 542 1475 614 siguificare,
1490 542 1541 597 nisi
1553 552 1647 598 aetates
1660 542 1778 614 singulas
1792 545 1906 599 seculi!

1111 632 1189 693 llnde
1199 633 1250 690 ista
1262 644 1336 690 sexta
1349 643 1423 703 etas,
1435 649 1495 705 qnae
1506 633 1646 706 completis
1656 635 1809 706 quingentis
1821 652 1908 706 usqne

1111 727 1145 783 ad
1157 727 1477 800 sexcentossignillcatur,
1489 728 1516 782 in
1527 725 1741 784 manifestatione
1753 730 1907 801 evangelica
1986 740 1988 743 ·

1113 816 1259 874 Ecclesiam
1273 819 1420 885 coiistruit;
1436 826 1464 874 et
1475 817 1537 873 ideo
1549 819 1592 890 qni
1603 818 1653 873 sibi
1667 818 1700 874 ail
1715 819 1795 874 ibam
1809 834 1909 874 eonsu-

1112 908 1159 975 lit,
1174 910 1210 965 sit
1229 904 1299 965 velut
1321 909 1478 981 quadratum
1500 909 1618 980 ignum,
1643 919 1752 978 paratus
1772 909 1805 966 ad
1825 925 1908 965 onnie

1112 1013 1180 1071 opus
1193 1001 1303 1068 bonum,
1316 1009 1344 1056 et
1355 1000 1436 1056 intret
1455 1001 1482 1055 in
1496 1000 1622 1056 fabricam
1641 1010 1782 1056 sanctam:
1805 1002 1866 1072 quia
1881 1007 1908 1056 ct

1112 1087 1247 1146 secundus
1260 1091 1361 1147 mensis
1373 1091 1435 1146 anui
1446 1091 1641 1156 sexcentesimi,
1654 1106 1708 1162 quo
1718 1092 1798 1146 intrat
1810 1092 1867 1147 Noc
1880 1094 1907 1148 in

1112 1193 1221 1249 arcam,
1244 1183 1365 1240 eaindem
1388 1176 1522 1241 senodum
1548 1193 1654 1241 atatem
1680 1177 1820 1256 significat.
1846 1187 1909 1242 bin

1112 1275 1183 1331 cuim
1206 1284 1313 1333 menses
1332 1280 1505 1348 sexagenario
1525 1288 1637 1334 numero
1658 1279 1871 1346 concluduntur}
1892 1294 1910 1337 a

1112 1366 1218 1422 senario
1240 1376 1329 1423 autem
1348 1384 1460 1424 numero
1472 1377 1499 1424 et
1517 1370 1654 1442 sexaginta
1673 1371 1908 1442 cognominantur,

1112 1469 1139 1514 et
1161 1459 1336 1525 sexcenti,et
1359 1469 1409 1516 sex
1429 1461 1526 1528 millia,
1550 1466 1577 1517 et
1601 1461 1738 1534 sexaginta
1761 1462 1855 1531 millia,
1879 1469 1909 1519 et

1112 1559 1237 1606 sexcenta
1252 1549 1345 1617 millia,
1358 1557 1386 1606 et
1399 1552 1559 1619 sexcenties,
1574 1561 1602 1608 et
1614 1551 1723 1624 quiquid
1736 1553 1865 1625 deinceps
1880 1556 1909 1611 fn

1112 1643 1257 1713 nlaioribus
1266 1643 1378 1699 suniiiiis
1390 1653 1437 1714 per
1449 1645 1573 1701 eumdem
1586 1647 1726 1702 articulum
1738 1653 1865 1703 numerus
1880 1649 1909 1704 iii

1113 1733 1215 1789 infinita
1229 1735 1392 1790 incrementa
1405 1738 1551 1805 consurgit.

1147 1823 1260 1882 CAPUT
1273 1825 1437 1882 titt-Et
1459 1827 1528 1898 qitod
1553 1827 1698 1898 vigesimus
1724 1834 1752 1884 cl
1777 1831 1911 1901 scptiiiiu's

1112 1917 1171 1975 dies
1184 1921 1284 1976 mensis
1296 1930 1536 1986 coniiucmoratur;
1552 1921 1585 1976 ad
1599 1919 1718 1992 ejusdem
1735 1921 1911 1994 quadraturae

1113 2009 1332 2083 significationem
1346 2011 1477 2081 perduct,
1493 2027 1552 2080 que
1564 2013 1619 2083 jam
1632 2012 1659 2067 in
1673 2013 1810 2084 quadratis
1827 2015 1913 2086 liguis

1114 2102 1233 2174 exposita
1248 2113 1299 2159 est.
1313 2101 1367 2161 Sed
1383 2099 1429 2160 iiie
1447 2102 1613 2171 evidentius,
1632 2106 1694 2178 quia
1707 2117 1755 2161 nos
1771 2103 1806 2160 ad
1826 2121 1913 2164 enine

1114 2211 1182 2265 opus
1195 2195 1293 2252 bonum
1314 2209 1437 2268 paratos,
1450 2197 1476 2255 iil
1488 2207 1547 2265 est,
1559 2195 1674 2270 quodam
1688 2199 1769 2255 modo
1787 2209 1912 2273 conqua-

1114 2285 1205 2343 dratos
1217 2289 1324 2345 trinitas
1336 2290 1438 2358 perficit
1450 2308 1457 2344 ε
1471 2289 1497 2344 in
1513 2289 1651 2354 memoria,
1667 2303 1718 2361 qua
1729 2283 1813 2347 Deum
1828 2307 1912 2348 reco-

1114 2378 1211 2444 limus;
1227 2379 1452 2452 inintelligentia,
1471 2397 1523 2453 qua
1537 2383 1742 2453 eognosetuiue3
1758 2382 1785 2439 iii
1809 2383 1913 2440 uolun-

1115 2479 1184 2535 ute,
1199 2486 1251 2543 qua
1264 2471 1408 2543 diligimus.
1421 2471 1482 2528 Tria
1496 2473 1567 2529 enim
1582 2481 1642 2537 ter,
1658 2482 1686 2529 et
1700 2474 1751 2529 boe
1765 2483 1824 2542 ter,
1839 2475 1914 2531 finnt

1114 2561 1206 2633 uiginti
1227 2571 1342 2634 septem.
1363 2563 1409 2634 qui
1433 2572 1475 2620 est
1494 2564 1599 2620 numeri
1623 2563 1731 2620 ternarii
1749 2565 1911 2637 quadratus.

1114 2655 1191 2722 Quod
1209 2656 1324 2727 septimo
1344 2669 1437 2713 mense
1454 2671 1517 2712 arca
1536 2656 1616 2724 sedit,
1635 2656 1687 2711 lioc
1707 2665 1758 2723 est,
1776 2658 1914 2728 requierit

1116 2744 1127 2816 f
1135 2745 1178 2804 ld.
1191 2763 1247 2816 viii,
1260 2749 1286 2814 l,
1299 2749 1369 2818 lli:
1385 2751 1419 2805 ail
1433 2749 1506 2806 illam
1520 2752 1661 2819 septimam
1675 2750 1794 2821 requiem
1807 2753 1915 2823 signill-

1114 2840 1185 2896 catio
1200 2841 1323 2897 recurrit.
1337 2840 1370 2898 Et
1383 2842 1444 2912 quia
1463 2839 1573 2913 perfecti
1589 2843 1772 2914 requiescunt,
1787 2844 1824 2901 ibi
1837 2861 1914 2916 quo·

1114 2944 1167 3000 que
1177 2927 1247 2985 illius
1256 2930 1425 3002 quadrature
1436 2945 1562 2989 numerus
1572 2931 1699 2989 iteratnri
1710 2949 1772 2990 nani
1781 2933 1914 3007 vigesima

1115 3020 1228 3092 septima
1249 3021 1293 3078 die
1309 3019 1420 3078 secundi
1441 3021 1543 3078 mensis
1564 3021 1780 3080 commendatum
1793 3035 1835 3081 est
1858 3026 1915 3084 lioc

1114 3121 1328 3182 sacramentum
1354 3124 1382 3171 et
1408 3130 1501 3172 rursus
1524 3115 1651 3186 vigesima
1674 3122 1702 3172 ct
1726 3116 1838 3187 septima
1867 3115 1915 3177 die

1115 3205 1221 3278 septimi
1235 3207 1336 3263 mensis
1351 3204 1445 3262 eadem
1459 3206 1656 3284 commendatio
1672 3207 1828 3263 coiilrmata
1844 3215 1891 3266 est
1904 3248 1914 3274 ,

1113 3311 1175 3353 cuin
1190 3312 1251 3354 area
1270 3297 1420 3369 requierit:
1441 3296 1513 3368 quod
1526 3297 1597 3352 enini
1618 3295 1781 3369 promittitur
1798 3298 1827 3354 iu
1848 3315 1914 3371 spe,

1116 3387 1167 3443 boc
1181 3385 1321 3443 erliibetur
1337 3386 1364 3442 in
1383 3401 1422 3442 re.
1436 3385 1523 3443 Porro
1535 3387 1595 3458 quia
1609 3388 1665 3458 ipsa
1677 3388 1789 3460 septima
1802 3391 1917 3461 requies

1115 3491 1177 3533 cum
1190 3489 1284 3534 actara
1304 3477 1500 3533 resurrectione
1518 3477 1704 3549 cunjungitur:
1728 3494 1814 3551 neque
1836 3482 1915 3536 enim

1116 3569 1220 3625 seddim
1232 3583 1345 3640 corpore
1359 3568 1453 3624 finitur
1462 3570 1568 3640 requies
1589 3582 1649 3641 quic
1663 3580 1724 3641 post
1744 3569 1814 3626 lianc
1826 3571 1915 3628 vitant

1116 3658 1214 3728 excipit
1223 3667 1341 3725 sanctos,
1351 3657 1399 3714 sed
1412 3659 1499 3729 potius
1511 3670 1595 3715 totum
1609 3657 1744 3716 bominem
1757 3675 1810 3717 uua
1821 3660 1919 3720 ailliiic

1116 3764 1175 3822 spe,
1187 3749 1235 3807 seii
1244 3749 1299 3821 jam
1312 3751 1369 3822 ipsa
1380 3765 1419 3817 ιε,
1431 3749 1503 3806 omni
1515 3765 1550 3807 ex
1562 3759 1648 3821 parte,
1658 3761 1685 3807 et
1694 3752 1802 3822 spiritus
1812 3761 1839 3809 et
1851 3769 1918 3809 eor·

1117 3843 1190 3913 poris
1211 3841 1326 3913 perfecta
1348 3841 1555 3898 immortalitatis
1573 3842 1659 3898 salute
1681 3851 1856 3912 renovatum,
1886 3844 1918 3901 in

1117 3942 1225 3992 aeterne
1238 3934 1298 3989 ritae
1313 3949 1409 3990 munus
1422 3933 1559 3989 adsumit:
1574 3933 1637 4004 qula
1651 3947 1715 4004 crgo
1735 3933 1850 4006 septima
1867 3951 1917 3992 rc-

1117 4030 1192 4101 quies
1201 4043 1263 4084 cum
1272 4037 1365 4083 neura
1376 4027 1571 4083 resurrectione
1583 4026 1765 4098 conjungitur:
1779 4035 1806 4082 ot
1816 4025 1873 4083 lioe
1888 4028 1919 4083 in

1116 4123 1290 4177 Sacramenta
1299 4119 1508 4190 regenerationis
1517 4126 1627 4185 nostre,
1636 4117 1720 4185 idest,
1728 4118 1755 4172 in
1764 4117 1917 4188 tupttsoio,

1117 4201 1199 4267 'altum
1214 4209 1427 4281 profundumque
1447 4207 1603 4280 mysterium
1617 4217 1669 4264 est.
1685 4207 1841 4275 Quindecim
1863 4223 1920 4264 cu-

1117 4302 1179 4358 bitis
1190 4300 1354 4372 supercrevit
1367 4315 1435 4372 aqua
1447 4298 1579 4356 excedens
1593 4299 1758 4355 altitudinem
1778 4300 1919 4356 montium

1117 4383 1176 4464 (de
1192 4407 1241 4458 ιιι,
1255 4382 1323 4463 ²⁰i²
1339 4390 1366 4445 id
1391 4398 1442 4456 est,
1458 4389 1511 4446 boc
1523 4390 1728 4447 Sacramentum
1743 4392 1920 4448 transcendit

1117 4497 1224 4539 oninem
1243 4482 1401 4553 sapientiam
1426 4481 1612 4552 superborum.
1630 4481 1738 4553 Septem
1760 4481 1862 4553 quippe
1889 4491 1921 4540 ct

1116 4585 1179 4632 octo
1199 4575 1350 4646 conjuncti,
1365 4573 1517 4645 quindecim
1530 4573 1607 4630 dunt.
1622 4573 1656 4630 Et
1669 4574 1730 4646 quia
1743 4576 1921 4646 septuaginta

1117 4681 1132 4722 a
1145 4676 1266 4738 septem,
1280 4673 1309 4720 et
1321 4665 1456 4736 octoginta
1469 4663 1504 4721 ab
1519 4671 1581 4720 octo
1603 4664 1824 4730 denominantur.
1842 4681 1922 4724 con·

1115 4758 1208 4829 juncto
1220 4766 1333 4828 utroque
1350 4767 1481 4824 numero,
1495 4764 1601 4813 centurn
1613 4757 1803 4829 quinquaginta
1814 4756 1923 4818 dicbus

1116 4851 1233 4908 exaltata
1246 4857 1288 4905 est
1302 4863 1386 4920 aqua,
1400 4848 1522 4905 eamdem
1537 4849 1728 4906 commendaris
1739 4849 1816 4907 nobis
1828 4861 1924 4924 atque

1116 4941 1277 4997 coadunans
1289 4938 1457 4996 altitudinem
1466 4939 1594 5010 Bnptismi
1606 4941 1632 4994 iii
1644 4938 1826 4997 consecrando
1838 4957 1924 5000 noro

1117 5032 1225 5088 bomine
1238 5032 1273 5088 ad
1286 5031 1428 5088 tenendam
1448 5029 1545 5102 quietis
1557 5039 1584 5085 et
1601 5029 1803 5086 resurrectionis
1816 5030 1923 5088 baem.

1114 5141 1120 5150 ·
1151 5124 1264 5182 cnt‘bt
1284 5123 1345 5179 llll.
1357 5153 1392 5166 —-
1405 5122 1482 5192 Quod
1497 5120 1626 5195 postdies
1639 5122 1925 5194 qiiadraglnta'emis·

1116 5233 1162 5273 sus
1175 5231 1271 5274 currus
1291 5229 1345 5272 noo
1358 5221 1399 5271 est
1417 5227 1561 5281 reuersus,
1575 5222 1621 5268 aut
1634 5213 1710 5283 aquis
1723 5214 1813 5284 utique
1825 5213 1927 5270 inter-

1116 5319 1220 5382 ceptus,
1234 5319 1281 5365 aut
1293 5308 1383 5380 aliquo
1392 5315 1581 5379 supernatante
1594 5306 1724 5362 cadauere
1736 5305 1860 5373 illectus;
1881 5309 1927 5364 si-

1116 5402 1224 5475 gnificat
1245 5400 1367 5456 liooiincs
1390 5397 1557 5456 immunditia
1575 5396 1727 5469 cupiditatis
1740 5396 1924 5467 teterrimos,

1116 5506 1144 5551 et
1155 5495 1192 5551 ob
1211 5493 1262 5549 boc
1274 5492 1307 5550 ad
1324 5506 1354 5546 ea
1373 5505 1433 5561 quac
1446 5489 1511 5544 foris
1532 5498 1596 5545 sunt
1611 5489 1638 5543 iii
1653 5489 1703 5544 lioc
1715 5486 1815 5543 mundo
1828 5487 1928 5548 niuils

1116 5587 1243 5650 intentos,
1257 5590 1304 5639 aut
1315 5580 1491 5651 rebaptizari,
1505 5585 1552 5635 aut
1565 5580 1599 5634 ab
1612 5579 1653 5634 bis
1666 5593 1734 5650 quos
1753 5586 1851 5650 preter
1867 5595 1926 5637 ai·-

1114 5684 1187 5734 enoi.
1201 5675 1226 5732 iil
1241 5683 1294 5744 est,
1310 5681 1407 5746 preter
1421 5671 1566 5730 Ecclesiam
1581 5671 1730 5744 baptismus
1741 5669 1853 5739 reddit,
1869 5687 1926 5732 ω.
