4034 6334
127 405 189 465 titt
687 397 790 454 liniis
808 393 957 465 ocultius
975 390 1131 452 asculus.
1683 395 1755 458 {m
1787 429 1794 438 ,

123 531 171 592 que
183 511 340 571 substantia.
353 509 382 570 Si
396 523 462 584 ergo
476 510 534 569 haec
548 509 682 569 intellecta
696 519 774 579 sunt,
788 519 815 567 et
826 526 910 583 quan·
964 507 1104 566 existimet
1121 507 1278 566 muntem
1301 509 1436 582 appellare
1460 510 1591 586 Spiritum
1613 521 1755 581 sanem,

122 620 175 667 tum
194 607 271 664 nohis
284 606 312 663 in
326 607 408 663 rebus
421 606 504 662 tantis
518 603 609 661 ridere
620 604 663 660 rel
682 604 834 676 conjectare
845 617 911 660 oon·
962 601 1063 674 quiaet
1074 603 1146 658 Deus
1157 601 1238 660 Pater
1247 602 1449 662 ctlleuaPilius
1458 613 1549 679 potest
1559 605 1757 666 missnen-

122 715 222 760 cessum
234 707 359 770 est,aera
371 711 432 756 esse
446 696 909 765 clarueruntanesciocurnonsic-
962 695 1067 766 cupari.
1127 736 1135 748 .

121 803 148 854 nt
158 793 286 867 sapientia
299 800 327 850 et
337 791 418 850 Pater
430 790 528 848 dicitur
540 798 568 849 et
577 789 661 848 Pilius
681 799 709 846 et
722 787 836 860 Spiritus
849 803 910 845 san·
1000 787 1341 861 sustentamentum
1363 791 1412 849 liei
1425 791 1543 850 Verbum
1556 794 1758 866 proprlevoca·

120 893 185 954 ctus,
200 894 227 944 et
239 887 318 943 simul
331 899 426 942 ornnes
439 901 492 943 non
505 891 576 953 tres,
589 884 637 942 sed
649 899 701 940 una
714 881 862 954 aspisatim
873 881 909 938 ita
962 893 1025 938 mua
1036 881 1144 938 nomine
1156 881 1310 954 sapientiae,
1324 897 1386 940 cum
1400 883 1437 941 sit
1447 885 1633 943 uniuersaliter
1645 894 1673 944 et
1691 886 1755 959 Spi-

119 987 145 1038 et
155 979 270 1036 charitas
284 985 311 1035 et
323 977 404 1034 Pater
414 975 518 1034 dicatur
535 983 563 1032 et
574 974 658 1032 Pilius
672 980 700 1031 et
717 971 832 1045 Spiritus
845 987 909 1030 san·
962 973 1030 1030 ritus
1041 981 1149 1032 sanctus
1159 983 1188 1030 ct
1197 973 1278 1032 Pater
1288 974 1346 1048 ipse
1357 976 1504 1048 sapientiaa
1518 977 1555 1034 itu
1567 976 1686 1050 Spiritus
1693 992 1758 1036 san·

119 1079 190 1138 ctus,
203 1077 231 1126 ct
242 1069 322 1128 simul
335 1083 428 1127 omnes
441 1083 494 1126 una
505 1065 632 1125 charitas.
645 1067 691 1126 Sic
704 1065 777 1124 eninr
789 1074 817 1124 et
828 1065 911 1124 Pater
961 1073 1022 1124 ctus
1033 1066 1141 1137 proprie
1155 1074 1325 1138 nuncupatur
1337 1067 1468 1124 rocahulo
1479 1067 1635 1139 charitatis,
1647 1083 1709 1125 cunr
1721 1067 1759 1125 sit

72 1153 74 1161 ’
119 1159 909 1235 commilititonum,suspiritussancturncusetsimut
961 1157 1147 1215 uniuersaliter
1157 1155 1404 1216 charltasetPater
1416 1167 1444 1217 et
1455 1158 1549 1218 Pilius.
1562 1159 1678 1218 Sedllei
1687 1159 1757 1218 ier·

118 1269 207 1313 omnes
220 1269 291 1312 unus
306 1255 386 1313 lleus.
961 1249 1043 1320 hum,
1058 1251 1085 1308 id
1105 1258 1164 1320 est,
1177 1250 1330 1323 unigenitus
1344 1252 1392 1309 hei
1404 1251 1490 1311 Pilius
1507 1263 1601 1327 aperta
1613 1253 1701 1311 dictus
1714 1261 1758 1312 est

149 1347 195 1405 29.
211 1347 245 1404 iit
259 1355 349 1404 tamen
359 1361 413 1405 nou
424 1345 522 1404 trustra
534 1347 562 1404 in
574 1345 765 1406 haclrinitate
776 1360 830 1404 non
843 1345 910 1404 dici·
961 1341 1011 1400 liei
1024 1343 1172 1415 sapientia,
1186 1359 1235 1401 ora
1246 1343 1420 1417 lpoemlico,
1436 1346 1482 1405 uisi
1499 1347 1553 1415 ait,
1565 1345 1696 1404 chriuana
1709 1345 1758 1402 liat

118 1447 159 1495 tur
170 1437 287 1496 Verbum
303 1439 350 1496 liei
363 1439 415 1496 nisi
427 1437 528 1508 Pilius,
544 1453 594 1496 nec
605 1439 710 1496 Donum
725 1439 772 1495 Dei
785 1439 838 1496 nisi
849 1439 910 1511 Spi·
961 1437 1078 1494 misum
1090 1433 1177 1492 stilai
1189 1437 1340 1507 umanum
1353 1436 1377 1509 (i
1390 1437 1450 1495 Gor.
1465 1453 1493 1508 r,
1506 1437 1554 1512 st)
1566 1454 1574 1492 a
1585 1437 1758 1510 Spiritusau-

116 1531 180 1586 ritus
194 1538 321 1600 sanctus,
340 1545 390 1588 nec
403 1531 437 1589 de
450 1546 504 1604 quo
517 1532 636 1606 genitum
648 1539 690 1590 est
701 1531 820 1588 Verbum
834 1531 910 1590 etde
961 1536 1017 1588 tem
1029 1538 1137 1586 sanctus
1149 1529 1196 1586 uhi
1209 1529 1245 1584 sir
1257 1528 1345 1586 dictus
1355 1529 1473 1587 charitas
1492 1531 1659 1598 invenimus,
1673 1530 1697 1587 si
1715 1529 1757 1586 di·

116 1636 166 1694 quo
179 1621 302 1694 procedit
314 1623 497 1695 principaliter
517 1621 633 1695 Spiritus
651 1631 760 1680 sanctus
774 1622 825 1679 nisi
838 1623 909 1680 Deus
961 1618 1077 1692 ligentur
1083 1619 1194 1678 ioannis
1201 1621 1316 1691 apostoli
1323 1629 1473 1679 scrutemur
1479 1622 1630 1696 eloquium3
1639 1624 1686 1696 qui
1693 1637 1756 1681 cum

116 1714 202 1772 Pater.
223 1713 287 1772 ideo
301 1723 393 1772 autern
412 1714 521 1782 addidi,
535 1715 739 1787 Principaliter,
759 1714 821 1786 quia
835 1720 863 1771 et
875 1713 910 1770 de
960 1707 1090 1779 dixisset,
1104 1708 1285 1779 Musicani,
1299 1710 1437 1784 diiqomea
1448 1712 1571 1784 inicam
1584 1715 1644 1784 qais
1654 1712 1757 1771 ditectio

116 1805 181 1863 Pilio
201 1805 318 1878 Spiritus
338 1815 447 1864 sanctus
461 1807 606 1879 procedere
618 1806 762 1879 reperitur.
784 1803 838 1862 Sed
857 1803 909 1861 hoc
960 1817 993 1858 ec
1003 1800 1059 1858 Deo
1068 1812 1124 1871 eat,·
1137 1810 1245 1860 secutm
1258 1803 1398 1876 adiunxit,
1413 1805 1449 1860 lit
1460 1806 1541 1862 onais
1551 1805 1595 1878 qai
1607 1805 1708 1878 diliqit,
1723 1820 1758 1862 ce

115 1911 218 1968 quoque
232 1897 271 1954 llil
284 1897 364 1956 Pater
376 1897 461 1967 dedit,
476 1913 531 1955 non
541 1898 597 1971 jam
610 1896 736 1954 existenti
748 1903 776 1954 et
789 1896 909 1953 nondum
960 1891 1016 1950 Deo
1029 1903 1105 1950 nutus
1117 1897 1223 1968 utrqui
1233 1911 1285 1952 non
1294 1895 1388 1969 ditiqit,
1398 1913 1449 1954 non
1461 1899 1578 1971 mononis
1589 1899 1683 1968 Dema,
1694 1898 1756 1972 quin

10 2041 11 2062 ,
115 1985 220 2046 habenti
231 1989 295 2046 :sed
305 1989 433 2062 quidquid
443 1991 579 2062 unigenito
586 1988 677 2047 Perho
684 1987 767 2058 dedit,
775 1986 910 2060 qiqnendo
959 1983 1032 2041 llesr
1044 1985 1146 2042 ditectio
1159 1994 1205 2042 eat.
1220 1985 1270 2043 llic
1281 1987 1462 2044 manifestarit
1475 2003 1537 2046 eam
1547 2003 1579 2046 se
1589 1989 1690 2046 dixisse
1709 1988 1754 2046 di·

10 2075 11 2080 ’
114 2077 194 2136 dedit.
215 2077 261 2137 Sic
273 2095 338 2154 erqo
350 2095 411 2138 eum
424 2082 534 2155 genuit,
555 2089 584 2138 ut
596 2081 677 2138 etiam
689 2080 724 2138 de
744 2079 790 2137 illo
804 2081 909 2136 Donum
959 2075 1294 2150 lectionemlicum,quam
1305 2079 1373 2136 dixit
1381 2079 1754 2154 exuaohmrerqoexitao

10 2207 11 2250 3
113 2183 253 2228 commune
267 2173 438 2244 procederet,
454 2182 482 2230 et
493 2172 609 2244 Spiritus
623 2179 731 2228 sanctus
745 2171 854 2243 spiritus
866 2183 911 2227 es·
960 2181 1001 2228 est
1012 2169 1193 2228 dilectioiied
1205 2173 1267 2243 quia
1281 2181 1310 2229 et
1320 2171 1403 2229 Pilius
1413 2173 1512 2230 exlleo
1522 2173 1603 2231 Patre
1612 2183 1753 2245 patescet,

10 2255 11 2260 ’
112 2271 153 2320 set
164 2265 316 2321 amborum.
327 2263 385 2320 Non
400 2271 445 2322 est
457 2262 539 2336 igitur
548 2262 704 2334 accipienda
718 2267 906 2330 mauscunler,
959 2269 988 2322 et
998 2261 1114 2334 Spiritus
1127 2271 1236 2321 sancus
1256 2280 1290 2321 ex
1305 2265 1362 2322 lieo
1372 2265 1452 2323 Patre
1462 2266 1598 2338 procedit,
1611 2281 1691 2340 quem
1701 2283 1753 2340 po·

9 2347 11 2382 ²
111 2355 311 2426 seddiliqcnter
324 2352 451 2410 intuenda
459 2351 846 2425 inseparabills'lrinitntislsta
854 2350 909 2408 dia·
959 2353 1014 2411 tius
1034 2366 1130 2410 eorum
1142 2352 1187 2411 hic
1199 2354 1345 2413 dehemus
1357 2357 1480 2429 accipere
1492 2358 1593 2416 diuum
1613 2358 1762 2424 easedile,

110 2447 216 2506 tinctio.
230 2447 299 2504 llinc
316 2445 388 2503 enim
402 2445 501 2502 lactum
515 2453 557 2502 est
569 2453 600 2501 ut
611 2443 718 2516 proprie
729 2443 777 2502 liei
789 2443 906 2500 Verbum
958 2443 1076 2501 ctionem
1088 2443 1290 2513 necimmerito
1302 2449 1441 2521 queritur.
1454 2449 1537 2508 Pater
1547 2451 1621 2510 euim
1632 2452 1706 2510 solus
1716 2451 1754 2510 ita

110 2535 908 2610 etiamlieisapientiadicexetur,cumsitsapientiaetPa·
958 2536 1031 2594 heus
1042 2545 1203 2607 est,utnon
1219 2539 1370 2598 sitexlleo
1385 2558 1392 2597 a
1408 2541 1754 2620 acpcrhdcdilectioqua
1795 2537 1818 2578 '-

111 2641 152 2690 ter
162 2639 190 2690 et
199 2631 319 2703 Spiritus
331 2639 449 2688 sanctus.
459 2629 490 2688 Si
500 2645 565 2704 erqo
576 2631 685 2704 proprie
697 2629 797 2702 aliquid
811 2630 907 2687 horum
958 2628 995 2687 ita
1008 2629 1082 2686 liena
1093 2637 1153 2699 est,
1165 2641 1197 2688 ut
1208 2647 1242 2690 ex
1253 2632 1310 2690 heo
1321 2633 1374 2703 sit,
1395 2616 1441 2690 aut
1458 2634 1544 2692 Pilius
1557 2644 1617 2704 est,
1632 2643 1679 2693 aut
1690 2635 1754 2708 Spi-

112 2723 191 2780 trium
206 2721 324 2780 charitas
338 2722 514 2793 nuncupanda
528 2730 587 2788 est,
604 2721 668 2794 quid
682 2721 769 2793 aptius
782 2735 863 2794 quam
877 2730 908 2781 ut
957 2723 1216 2782 ritussanctua.Sed
1227 2725 1256 2782 in
1269 2727 1495 2798 consequentibus
1507 2742 1569 2786 eum
1575 2727 1754 2786 lleldilectio·

114 2811 166 2871 hoc
177 2814 213 2870 sit
224 2813 340 2884 Spiritus
358 2813 485 2870 sanetus?
501 2812 536 2872 Ut
548 2813 651 2871 seilicet
669 2813 697 2870 in
711 2812 756 2869 iila
767 2813 777 2846 ¹
790 2813 907 2885 simplici
957 2829 1020 2874 nem
1028 2824 1277 2888 commemorasset,
1285 2833 1339 2875 non
1352 2832 1405 2890 qua
1416 2833 1466 2876 nos
1474 2835 1553 2889 eum,
1567 2819 1616 2878 sed
1628 2833 1681 2892 qua
1689 2818 1753 2892 ipae

112 2919 272 2978 summaque
291 2913 404 2974 natura,
418 2921 474 2965 non
494 2905 529 2964 sit
542 2905 615 2962 aliud
628 2904 775 2962 substantia
786 2912 816 2961 et
834 2903 906 2961 aliud
957 2906 1118 2976 drausnos,
1126 2915 1151 2963 ct
1162 2907 1231 2964 mista
1242 2906 1340 2966 Piliam
1352 2925 1426 2965 assas
1440 2909 1586 2966 titotorera¹
1601 2924 1649 2982 pro
1661 2925 1753 2981 pateo·

113 2996 245 3066 charitaa;
260 2997 307 3055 sed
321 2997 470 3054 subeuntia
481 2997 539 3070 ipsa
553 2997 588 3054 sit
599 2995 733 3066 charitas,
749 3003 778 3053 et
789 2995 908 3054 charitat
958 2999 990 3056 tia
1002 2999 1115 3064 caemar
1127 3006 1156 3055 et
1168 2998 1231 3057 hinc
1244 2999 1401 3058 exhortatus
1409 3007 1482 3059 esset
1493 3009 1524 3058 ut
1534 3008 1564 3058 et
1575 3014 1626 3058 nos
1637 2999 1753 3059 inuicem

113 3089 168 3162 ipsa
181 3089 218 3148 sit
232 3090 396 3157 substantia,
413 3091 469 3146 sire
483 3091 512 3145 lu
525 3087 621 3158 Patre,
637 3091 695 3145 alre
707 3089 735 3145 in
747 3085 834 3158 Pilio,
849 3087 911 3146 sire
957 3089 1110 3165 diligamus,
1124 3099 1205 3165 atque
1218 3093 1257 3150 ita
1271 3093 1344 3151 heus
1357 3094 1385 3150 in
1398 3093 1476 3151 nohis
1489 3100 1607 3162 maneat,
1621 3093 1684 3165 quia
1697 3092 1753 3150 uti-

113 3179 253 3253 inSpiritu
266 3189 376 3250 mucio,
390 3189 418 3238 et
438 3189 528 3237 umen
541 3179 650 3252 proprie
662 3177 778 3252 Spiritus
797 3187 907 3238 sauctus
957 3199 1012 3260 que
1021 3185 1192 3244 dilectionem
1206 3185 1290 3244 mum
1301 3185 1424 3255 dixerat,
1436 3186 1528 3245 statim
1541 3187 1634 3244 rolens
1646 3186 1681 3243 de
1701 3185 1754 3242 hac

112 3269 226 3330 charitas
240 3281 418 3345 nuncupetur.
493 3279 497 3288 '
957 3293 989 3336 re
1010 3279 1128 3351 apertius
1142 3278 1240 3353 siquid
1251 3279 1357 3352 eloqui,
1371 3278 1407 3335 ln
1419 3280 1483 3349 hoc,
1498 3281 1602 3352 inquit,
1618 3281 1752 3352 coquorcr'·

145 3363 190 3421 50.
206 3363 284 3421 Sicut
296 3363 376 3436 Legis
388 3363 497 3420 homino
509 3361 653 3435 aliquando
665 3362 747 3419 simul
758 3363 848 3419 omnia
859 3375 907 3420 id·
958 3373 1083 3444 musqus'a
1094 3371 1188 3444 inipso
1197 3369 1337 3442 manemus,
1347 3382 1371 3429 et
1381 3373 1436 3444 ipre
1448 3372 1476 3428 t'tt
1487 3373 1569 3440 nohis
1578 3372 1638 3444 quia
1650 3371 1683 3428 da
1691 3371 1754 3441 Spi-

111 3454 174 3512 teris
190 3454 366 3512 instrumenti
378 3461 532 3512 sanctarum
545 3453 738 3524 scripturarum
751 3451 907 3525 significau-
958 3465 1009 3522 ,pq
1022 3481 1068 3522 „w
1076 3465 1234 3522 aarum
1247 3465 1363 3538 spirtius
1373 3465 1463 3537 iraque
1476 3475 1586 3524 merus
1597 3467 1694 3538 dequo
1706 3465 1753 3524 qq.

111 3553 153 3604 tur
169 3549 289 3622 eloquia.
302 3549 370 3607 liam
383 3565 417 3608 ex
430 3549 560 3622 prophete
574 3549 642 3606 isaia
662 3549 843 3608 testimonium
855 3563 907 3622 po·
958 3557 999 3615 dit
1018 3558 1115 3626 nohis,
1129 3557 1195 3615 iacit
1206 3573 1255 3614 nos
1275 3559 1303 3614 in
1317 3557 1372 3615 Deo
1383 3571 1511 3629 manere,
1525 3566 1554 3616 et
1564 3559 1651 3631 ipsum
1664 3559 1692 3614 ln
1703 3573 1754 3615 no·

110 3653 175 3698 nens
187 3642 351 3714 Apostolus,
364 3642 411 3700 uhi
423 3641 477 3712 ait,
492 3641 526 3697 ln
538 3641 597 3698 otiis
609 3641 705 3714 tupris
717 3651 741 3698 at
755 3642 784 3697 in
795 3642 855 3698 otiis
869 3642 908 3698 to-
958 3647 1001 3704 his
1012 3663 1020 3703 a
1031 3647 1084 3705 hoc
1098 3656 1187 3705 autem
1201 3647 1264 3705 tacit
1277 3647 1395 3706 dilectio.
1410 3647 1471 3721 lpse
1482 3657 1524 3706 eat
1535 3647 1616 3722 iqitur
1627 3649 1700 3706 lleus
1710 3649 1753 3707 di·

110 3729 156 3790 tiis
169 3733 263 3806 loquor
277 3733 373 3806 populo
387 3733 600 3805 hsicrpraemisit
610 3731 756 3802 tamenin
767 3732 909 3806 Leqercri-
958 3738 1051 3796 lcctio.
1063 3737 1185 3811 henlque
1197 3739 1277 3810 paulo
1290 3747 1351 3811 post
1363 3753 1425 3796 cum
1439 3740 1491 3797 hoc
1502 3739 1590 3812 ipsum
1602 3741 1755 3812 repetiisset

110 3835 180 3896 ptum
191 3835 229 3883 cat
245 3825 322 3894 (laci.
336 3841 436 3894 xxrm,
453 3827 504 3896 ll;
520 3835 545 3882 st
558 3825 568 3882 Ι
582 3824 642 3883 Gor.
657 3840 720 3896 xrs,
734 3825 792 3898 il).
805 3827 839 3883 Et
850 3827 909 3898 ipso
958 3837 1040 3902 atque
1050 3828 1173 3899 dixisset,
1184 3829 1256 3886 Deua
1268 3829 1370 3886 mietio
1381 3839 1434 3898 αις
1443 3830 1571 3888 meduno
1583 3831 1707 3902 subjecit,
1717 3829 1755 3886 lit

110 3915 259 3987 Dominus,
275 3918 309 3975 ln
321 3919 405 3993 heqe,
421 3919 522 3991 inquit,
536 3933 623 3976 smum
637 3919 760 3990 scripturn
780 3929 834 3989 eat,
849 3922 909 3992 qsiu
958 3921 1002 3992 qst
1015 3928 1100 3976 moret
1112 3921 1141 3976 in
1160 3920 1308 3990 mucce,
1323 3921 1351 3976 in
1365 3919 1421 3977 lieo
1432 3929 1533 3989 manat,
1548 3930 1572 3978 et
1585 3919 1657 3979 Desa
1668 3931 1755 3979 monet

110 4013 217 4071 ederunt
229 4029 273 4070 mc
284 4015 364 4086 qratia
380 4013 469 4088 (loon.
482 4028 535 4082 xr,
548 4011 615 4085 at);
629 4027 691 4068 cum
705 4012 756 4069 hoc
769 4011 871 4085 legatur
880 4013 908 4069 in
958 4012 986 4069 in
998 4029 1028 4069 eo
1043 4029 1053 4067 .·
1066 4012 1139 4070 unde
1150 4028 1232 4085 supra
1243 4013 1462 4082 discruciatos
1474 4015 1718 4087 coqnoaeimaaqaa'o
1726 4015 1755 4071 irs

110 4103 216 4164 Psalmo
230 4105 320 4180 (Psoi.
334 4120 433 4174 xxxiv,
450 4102 507 4176 tt).
522 4103 674 4175 Aliquando
688 4111 777 4160 autem
801 4103 909 4174 proprie
958 4107 1017 4180 ipso
1029 4123 1170 4177 memus,
1183 4108 1277 4180 etipse
1287 4108 1317 4163 in
1328 4107 1410 4176 nohis,
1426 4109 1486 4178 quio
1497 4108 1530 4164 de
1543 4107 1644 4180 Spiritu
1654 4109 1756 4165 mode·

109 4205 219 4254 vocatur
233 4196 308 4264 Lex,
325 4211 385 4269 quae
406 4195 468 4254 duta
488 4203 530 4252 eat
550 4209 599 4267 par
611 4193 738 4266 Moysen,
761 4194 910 4252 secundum
959 4198 998 4254 dit
1009 4200 1092 4256 notis.
1107 4199 1168 4271 ipsc
1181 4214 1245 4272 erqo
1258 4199 1423 4272 significatur
1442 4200 1488 4257 uhi
1501 4201 1613 4273 legitur,
1628 4199 1699 4257 ileos
1712 4201 1755 4255 di·

109 4289 179 4359 quod
192 4289 297 4347 dictum
316 4298 375 4358 est,
389 4287 444 4344 Les
460 4285 909 4360 etProphatcsaqaaodioonnear
960 4292 1033 4348 tectio
1048 4302 1094 4349 est.
1107 4291 1178 4350 Deus
1191 4293 1271 4366 igitur
1281 4293 1395 4365 Spiritus
1408 4301 1518 4350 sanctus
1530 4295 1577 4364 qni
1587 4293 1711 4364 procedit
1719 4307 1754 4350 ex

110 4379 217 4454 iltuit·
231 4395 280 4445 ¹¹,
295 4379 340 4452 15)
352 4397 361 4449 i
376 4389 420 4448 0²2
435 4378 469 4436 lit
481 4379 521 4435 dit
533 4377 631 4434 atthas
643 4378 777 4452 moettpts't
791 4387 845 4433 toto
855 4377 910 4436 Les
960 4383 1034 4454 lieo,
1050 4400 1111 4442 eum
1123 4384 1202 4442 datus
1211 4385 1290 4442 inerit
1304 4385 1424 4453 homini,
1437 4386 1561 4443 accendit
1570 4401 1632 4442 eum
1644 4385 1672 4442 in
1684 4386 1756 4444 dilc-

111 4475 201 4543 pendet
216 4482 241 4529 et
258 4471 395 4545 Prophetae
409 4471 465 4544 (it.
480 4485 553 4541 xrn,
566 4469 623 4544 til).
637 4470 687 4527 llic
701 4470 792 4542 utique
802 4470 910 4543 proprie
960 4479 1078 4535 ctionem
1088 4476 1174 4534 Pelet
1184 4478 1309 4549 proximi,
1318 4486 1346 4535 et
1359 4478 1417 4549 ipse
1429 4478 1539 4536 dileetio
1550 4485 1602 4535 est.
1614 4477 1755 4535 tionenim

110 4563 167 4622 hex
180 4564 316 4638 appellata
336 4572 394 4630 ati.
408 4563 545 4620 demollit
558 4561 842 4632 Sint-'fflllhtlmm
859 4574 909 4618 ⁸¹¹·
960 4569 1042 4628 hahet
1055 4572 1137 4626 homo
1150 4569 1221 4627 uude
1231 4571 1317 4626 lienm
1331 4569 1441 4643 diligat,
1455 4570 1507 4628 nial
1519 4569 1633 4628 exlieo.
1644 4570 1757 4641 Propter

111 4663 166 4714 um
187 4656 300 4714 nominc
313 4657 393 4714 etiam
407 4653 506 4712 Psalmi
520 4654 662 4726 significati
679 4661 743 4710 sunt
757 4669 764 4708 ε
780 4661 809 4710 et
820 4661 910 4710 umen
961 4662 1034 4734 quod
1047 4661 1128 4736 paulo
1148 4671 1209 4734 post
1220 4661 1284 4720 dicit
1299 4680 1307 4718 ι
1323 4661 1381 4724 lios
1392 4664 1531 4737 diiiqomss
1543 4679 1617 4730 euna,
1630 4663 1691 4734 qais
1701 4662 1757 4733 ipse

111 4747 164 4805 ²¹¹⁰
175 4749 240 4807 ¹00⁰
252 4748 311 4818 ipsa
322 4747 455 4818 miram,
472 4745 620 4818 Occidet
634 4745 730 4817 inquii,
745 4745 847 4819 isumus·
856 4761 910 4802 on
961 4752 1373 4827 pernosceretquarum,
1389 4753 1756 4828 r-ropnposunaqmqns

111 4843 155 4898 sio
167 4841 335 4915 quemquo
347 4843 444 4898 masto
457 4840 540 4914 usqe,
554 4838 745 4912 ethiopiam,
761 4848 785 4896 οἱ
797 4837 911 4896 saunis
962 4845 1061 4903 Paulus
1077 4863 1085 4900 ε
1101 4843 1227 4913 micro,
1242 4845 1344 4918 inquit,
1361 4845 1409 4902 tter
1421 4844 1518 4915 opem
1539 4855 1577 4901 eo
1589 4845 1617 4900 in
1639 4843 1757 4902 cotilas

112 4934 144 4991 de
160 4951 203 4994 mc
222 4934 300 5018 (dac.
314 4947 395 5001 xxrr,
408 4930 466 5006 ll).
479 4933 529 4989 llic
547 4945 640 4989 rursus
654 4931 848 5003 Prophetarum
860 4943 910 4986 no·
962 4936 1065 5002 nmina,
1077 4951 1122 5007 per
1134 4934 1261 5007 Spiritum
1270 4936 1438 5006 rmctrtmqsi
1450 4935 1525 4990 dnus
1536 4943 1573 4991 eat
1584 4934 1756 5008 noiiaihonr.

112 5044 191 5099 naen,
205 5027 327 5100 exeeptis
340 5027 470 5094 Psalmis,
493 5027 605 5098 intelligi
616 5027 710 5084 uoluit.
725 5025 827 5082 llicitur
847 5041 911 5098 erqo
961 5041 997 5093 a,
1013 5027 1053 5096 5).

112 5121 167 5180 Lex
183 5120 373 5180 universaliter
385 5133 447 5176 cum
460 5118 601 5191 Prophetis
621 5126 649 5176 et
669 5119 799 5186 Psalmis,
815 5119 912 5177 dicitur
997 5115 1111 5175 GllPlJ'l'
1124 5117 1270 5210 xiiii<
1283 5119 1328 5175 32.
1344 5116 1452 5174 Nalloura
1465 5115 1514 5173 Dei
1527 5117 1623 5174 dorum
1635 5119 1757 5178 ciuitate

112 5226 138 5273 et
160 5215 344 5289 proprieque
365 5211 535 5286 perllopscn
555 5211 617 5267 data
630 5219 681 5268 cst.
704 5211 771 5267 lteur
786 5211 912 5268 dicuntur
963 5208 1134 5266 metiendus.
1142 5208 1299 5266 Nullumest
1310 5211 1362 5265 isto
1370 5209 1417 5266 lici
1430 5209 1504 5267 dono
1513 5211 1757 5270 excellentius-So

111 5307 294 5364 communiter
304 5303 447 5375 Prophetae
468 5301 548 5359 simul
561 5315 622 5358 cum
641 5301 772 5368 Psalmis,
788 5300 912 5359 dicuutur
962 5300 1018 5356 lum
1033 5301 1158 5372 estquod
1169 5299 1263 5356 dividit
1276 5299 1347 5356 inter
1360 5297 1432 5356 tilios
1450 5301 1526 5374 requi
1541 5303 1635 5359 aeterni
1648 5313 1676 5361 at
1688 5304 1758 5362 tilios

111 5409 140 5455 ct
153 5398 267 5471 proprie
286 5405 385 5470 prater
395 5395 528 5453 Psalmos.
543 5393 578 5450 Et
597 5393 688 5450 multis
709 5393 768 5450 aliis
782 5397 912 5468 exernplis
963 5392 1121 5465 perditionis
1133 5399 1251 5448 aeoeruae.
1266 5391 1369 5448 Dantur
1381 5398 1410 5448 et
1421 5393 1474 5449 alia
1488 5393 1677 5466 perspiritum
1693 5410 1757 5452 san·

112 5491 204 5550 doceri
218 5499 318 5563 potest,
335 5489 419 5545 multa
433 5503 523 5545 rerum
533 5486 673 5554 vocabula,
690 5495 718 5543 ct
729 5487 912 5547 universaliter
962 5493 1037 5542 ctum
1054 5497 1183 5548 munera,
1198 5482 1248 5540 sed
1261 5483 1321 5540 sinc
1337 5483 1468 5542 charitate
1486 5485 1554 5542 nihil
1565 5497 1688 5559 prosunt.
1701 5487 1757 5544 Nisi

113 5585 196 5654 poni,
210 5591 239 5639 et
261 5581 369 5653 proprie
382 5579 540 5652 quibusdam
553 5579 636 5635 rehus
657 5577 796 5646 adhiberi,
820 5580 869 5636 nisi
885 5581 912 5638 in
963 5589 1029 5648 erqo
1048 5581 1150 5629 tantum
1164 5573 1332 5644 impertiatur
1345 5576 1441 5645 cuique
1460 5574 1576 5648 Spiritus
1588 5587 1715 5648 mucius,
1728 5589 1758 5634 ut

114 5691 144 5732 re
163 5681 258 5748 aperta
272 5671 379 5730 vitanda
401 5672 436 5727 sit
456 5670 594 5742 longitudo
615 5671 757 5728 sermonis.
774 5669 830 5726 lloc
851 5671 912 5730 ideo
964 5683 1027 5724 eum
1040 5665 1088 5722 liei
1099 5673 1129 5722 et
1148 5665 1261 5737 proximi
1276 5665 1357 5724 iaciat
1367 5675 1532 5737 amatorem,
1549 5669 1685 5725 asinistra
1703 5683 1757 5725 non

114 5766 193 5838 dixi,
223 5779 259 5822 nc
285 5764 425 5836 quisquam
452 5770 594 5834 propterea
620 5775 669 5818 nos
695 5763 913 5821 inconvenienter
964 5757 1124 5816 transiertur
1136 5757 1171 5814 ad
1184 5759 1332 5814 dexterum.
1348 5757 1405 5815 lieo
1414 5757 1530 5831 Spiritus
1541 5760 1648 5832 proprie
1661 5759 1759 5818 dicitur

997 5873 1005 5904 ι
1023 5869 1091 5930 mou,
1104 5867 1263 5924 suasores.
1275 5877 1377 5936 arus,
1387 5869 1514 5925 truanes
1525 5878 1617 5934 mace.
1631 5873 1759 5938 lmus

148 5907 863 6004 recantamus-..namurensis
947 5931 1263 6012 cussinum.
