4034 6334
261 349 365 407 dli·

260 477 341 538 qnam
353 463 412 536 ipse
424 477 477 520 non
489 463 594 522 lecerit.
613 463 791 533 Quamobrem
807 473 971 537 sequestrata
983 480 1051 537 pau·

259 558 345 616 iulum
356 558 453 614 animae
465 567 570 625 natura,
583 557 606 612 si
618 555 735 612 latentur
747 555 831 612 licum
845 557 944 628 aliquid
956 557 1053 614 iecisse

260 649 295 707 de
307 649 408 719 nihilo,
428 650 566 707 attendant
579 657 606 705 et
623 649 745 716 rideant,
762 649 891 721 quidquid
913 652 978 708 illud
992 661 1052 721 est,

259 755 322 798 eum
336 741 471 796 uoluntate
484 739 594 807 lecisse;
611 755 665 796 non
685 742 756 797 euim
771 741 872 814 aliquid
891 742 999 800 fecisset
1009 743 1052 800 in·

259 832 330 888 ritus
341 849 348 885 ι
360 846 410 887 nec
419 839 507 887 tamen
520 831 581 888 idco
591 830 713 887 camdem
724 833 888 889 voluntatem
901 834 968 889 nihil
979 849 1051 904 esse,

258 924 323 994 quia
341 922 476 978 uoluntate
494 922 529 977 ab
547 923 594 979 iilo
611 924 709 1003 aliquid
725 941 759 981 ex
780 925 864 982 nihilo
882 925 980 983 lactum
999 934 1051 984 cst.

259 1013 314 1070 Gur
325 1029 389 1085 erqo
400 1013 435 1070 de
446 1014 534 1070 anima
549 1016 643 1071 timent
659 1016 765 1082 dicere,
780 1017 852 1088 qood
864 1018 898 1074 de
914 1019 974 1075 aliis
991 1018 1052 1090 qui-

257 1105 374 1162 buslibet
385 1105 467 1161 rehns
481 1123 535 1164 non
556 1109 678 1165 dubitant
692 1109 801 1166 dicere?
824 1111 876 1165 hut
896 1112 918 1166 si
936 1112 1052 1168 animam

258 1199 442 1256 tautummodo
452 1203 589 1258 uoluntate
602 1203 649 1259 Dei
670 1202 810 1273 perhibent
829 1203 941 1272 luctam,
955 1214 1053 1261 catera

257 1305 318 1345 eum
333 1306 386 1347 non
399 1291 535 1348 uoluntate
555 1293 651 1351 iecisse
665 1294 847 1360 contendunt;
869 1295 933 1367 quid
955 1297 1052 1353 absur-

256 1380 332 1446 dius,
348 1382 412 1452 qnid
432 1383 551 1440 insanius
565 1385 617 1440 dici
635 1385 742 1456 potest?
756 1387 835 1453 Quod
848 1389 871 1442 si
886 1390 974 1444 omnia
992 1405 1053 1461 quaa

256 1470 337 1542 lecit,
347 1474 483 1530 voluntate
495 1476 587 1548 utique
599 1476 678 1545 lecit,
690 1492 740 1533 nec
754 1487 855 1549 tamen,
869 1495 928 1535 cum
945 1477 996 1538 hoc
1009 1483 1052 1538 di·

256 1563 357 1631 cimus,
379 1565 502 1621 eamdem
513 1567 676 1624 uoluntatem
696 1569 761 1625 nihil
774 1584 834 1628 csse
847 1571 982 1630 dicimus:
1001 1572 1053 1630 hoc

256 1654 331 1710 etde
349 1656 437 1711 anima
451 1657 591 1728 accipiant.

291 1747 404 1807 CAPUT
419 1751 463 1807 tit.
478 1784 512 1793 -
523 1755 550 1809 ὅ.
560 1752 627 1808 Cum
640 1755 712 1811 enim
723 1754 829 1825 dicitur,
840 1756 911 1813 Deus
923 1773 955 1814 cx
968 1759 1054 1816 nihilo

255 1837 336 1907 lecit3
352 1841 417 1897 nibil
433 1843 504 1899 aliud
517 1843 624 1911 dicitur,
639 1845 689 1902 uisi
701 1887 709 1912 ,
721 1847 778 1902 Non
792 1857 850 1904 crat
860 1849 929 1905 unde
940 1848 1051 1920 laceret,

255 1940 285 1990 ct
297 1941 386 1991 tamen
400 1936 461 2007 quia
480 1938 565 1994 noluit
583 1937 656 1995 lecit.
682 1939 773 2012 Usque
790 1941 857 1998 adeo
877 1943 956 2014 igitur
969 1945 996 1999 in
1019 1959 1052 2002 co

193 2053 197 2061 ·
255 2028 327 2098 quod
337 2044 370 2086 ex
380 2029 464 2086 nihilo
474 2030 547 2097 lecit,
558 2032 682 2088 voluntas
693 2049 746 2089 non
758 2034 822 2090 nihil
836 2035 943 2103 dicitur,
954 2047 984 2093 ut
993 2037 1052 2109 ipsa

254 2122 389 2193 praecipue
402 2121 615 2180 commendetur.
626 2123 692 2180 Nam
701 2126 744 2181 cui
756 2126 863 2196 dicitur,
878 2127 970 2184 Subest
984 2129 1052 2185 cuim

255 2214 300 2269 tibi
321 2231 379 2270 cnm
398 2215 466 2273 oolcr
487 2233 560 2288 posse
580 2216 657 2291 (Sap.
673 2234 727 2285 au,
742 2218 807 2290 t8):
824 2220 881 2277 sive
895 2220 964 2277 adsit
979 2224 1051 2280 unde

254 2305 317 2372 bat,
333 2309 391 2364 sire
402 2325 455 2364 non
470 2308 556 2377 adsit;
570 2320 611 2366 sat
624 2318 666 2367 est
676 2312 817 2379 voluntas,
832 2313 877 2369 nbi
890 2329 995 2371 summa
1009 2324 1052 2372 cst

253 2407 383 2470 potestas.
398 2401 538 2468 Quomodo
549 2417 614 2475 ergo
626 2403 653 2459 in
666 2418 701 2460 eo
712 2403 783 2474 qnod
793 2403 827 2460 de
839 2403 922 2461 nihilo
933 2415 1049 2475 creatur,

253 2492 378 2548 noluntas
389 2495 506 2550 creantis
519 2494 587 2552 nihil
596 2509 656 2552 csse
669 2495 841 2566 periribetur;
856 2511 916 2552 cum
928 2506 1051 2568 propter·

252 2601 286 2644 ca
299 2587 333 2643 de
343 2587 427 2643 nihilo
439 2589 523 2644 creari
534 2589 634 2660 aliquid
645 2591 738 2661 possit,
749 2590 810 2660 quia
821 2590 944 2647 uoluntas
955 2605 1050 2648 crean·

252 2678 287 2735 tis
295 2663 380 2735 'etiam
394 2679 452 2734 sine
465 2679 575 2736 materia
588 2680 639 2736 sibi
654 2678 765 2736 suflicit?
780 2682 856 2749 Quod
865 2681 889 2736 si
902 2681 982 2750 sorte,
995 2697 1049 2738 non

251 2770 339 2824 solum
353 2771 478 2838 animam,
493 2771 540 2828 sed
554 2773 653 2828 nullam
668 2773 778 2829 omnino
791 2783 941 2830 creaturam
954 2777 1049 2832 nolunt

251 2859 330 2916 lateri
347 2875 380 2916 ex
393 2860 477 2917 nihilo
490 2861 602 2930 laetam,
615 2860 676 2918 idco
689 2864 816 2934 quoniam
831 2864 960 2937 quidquid
977 2867 1048 2923 heus

250 2951 906 3026 lecit,uoluntateiecit,quaeuoluntasutiquenon
916 2957 1046 3025 estnihil;

250 3045 394 3115 respiciant
407 3046 479 3102 unde
499 3047 647 3103 secundum
670 3061 768 3117 corpus
792 3046 878 3105 lactus
897 3050 933 3106 sit
952 3050 1047 3111 homo.

189 3130 197 3137 ’
250 3137 330 3193 Certe
344 3139 426 3207 euim,
439 3139 507 3195 sicut
519 3137 655 3210 Scriptura
670 3147 792 3207 testatur,
805 3155 866 3197 eum
878 3141 914 3199 de
926 3141 990 3198 limo
1003 3142 1048 3200 vel

250 3229 284 3286 de
296 3229 406 3301 puluere
419 3239 497 3286 terrae
510 3231 580 3287 licus
592 3231 656 3286 iecit
667 3230 743 3304 (Gen.
756 3246 785 3296 u,
799 3229 838 3305 i),
854 3241 881 3288 ct
892 3234 984 3304 procul
998 3233 1048 3291 du·

249 3323 295 3378 bio
309 3322 537 3380 notnnuretecn:
561 3337 612 3379 nee
635 3331 723 3406 tamen
745 3323 868 3380 uoluntas
888 3325 936 3380 Dei
960 3324 1047 3396 pulvis

249 3424 295 3472 aut
314 3415 393 3472 limus
406 3423 457 3472 est.
474 3415 549 3471 Sicut
562 3429 626 3488 erqo
638 3414 666 3472 iu
679 3428 713 3471 eo
731 3415 803 3486 quod
820 3429 854 3470 cx
868 3415 933 3471 limo
946 3415 1046 3474 lactum

248 3518 305 3574 est,
327 3508 448 3578 quamvis
465 3508 604 3564 voluntate
623 3508 659 3564 sit
673 3507 787 3574 iactum,
801 3515 909 3564 nonest
923 3508 1046 3565 voluntas

248 3599 346 3667 iimns;
361 3600 398 3656 ita
412 3601 439 3656 in
451 3614 484 3658 eo
495 3600 568 3671 quod
579 3616 613 3656 cx
626 3599 712 3657 nihilo
721 3599 819 3656 lactum
832 3607 874 3656 εει
887 3600 909 3670 ¹,
924 3601 1046 3672 quamuis

247 3691 385 3748 voluntate
396 3692 431 3746 sit
444 3691 551 3761 iactum,
567 3700 677 3748 nonest
690 3691 813 3748 uolontas
825 3690 901 3748 nihil.

282 3781 396 3839 cuiun
414 3783 458 3838 lv,
473 3813 510 3824 -
521 3784 549 3839 l.
564 3782 623 3839 iam
638 3798 702 3840 vero
721 3783 793 3855 quod
805 3782 951 3840 dolendum
965 3782 1045 3842 addi·

247 3873 321 3943 disti,
337 3891 370 3930 ex
382 3876 539 3932 Priscilliani
552 3876 649 3932 haeresi
660 3876 695 3933 ad
706 3892 827 3934 errorem
839 3877 962 3950 Origenis
972 3879 1045 3949 apud

246 3982 296 4024 ros
310 3967 433 4026 homines
452 3969 535 4026 luisse
555 3963 771 4040 delapsos,⁰ncc
783 3969 818 4026 ab
833 3971 877 4028 illa
898 3980 974 4042 peste
992 3988 1043 4044 po·

247 4059 332 4115 tuisse
345 4061 444 4127 sanari,
457 4060 508 4116 nisi
521 4069 548 4117 et
561 4060 619 4131 ipsa
631 4060 762 4117 medicina
775 4061 926 4118 morbidum
941 4061 1044 4133 aliquid

248 4150 399 4217 inmlisset3
415 4165 467 4205 non
482 4158 525 4206 εει
539 4150 647 4221 quidem
659 4150 737 4206 dolor
750 4156 801 4207 iste
814 4152 981 4223 culpandus:
994 4168 1044 4210 ve·

246 4241 313 4298 ritas
321 4240 393 4298 euim
403 4240 504 4309 debuit,
515 4256 569 4297 non
581 4240 684 4297 lalsitas
697 4241 797 4311 pellere
806 4241 966 4311 falsitatem
979 4258 1043 4301 nam

245 4331 313 4400 hoc,
335 4339 440 4389 mutare
457 4340 499 4388 est
518 4332 633 4400 malum,
654 4346 711 4388 non
724 4332 835 4390 euitare.
851 4332 1043 4392 Verumtamen

246 4425 309 4496 quia
321 4423 355 4481 de
366 4425 426 4496 ipso
436 4425 490 4481 Deo
501 4433 683 4482 creaturarum
693 4426 815 4482 omnium
826 4426 974 4496 conditore,
988 4428 1042 4485 hoc

246 4525 302 4584 est,
320 4515 354 4572 de
365 4516 424 4589 ipsa
437 4527 568 4575 coaeterna
582 4527 610 4575 et
623 4518 832 4576 incommutabili
844 4518 992 4588 Trinitate,
1007 4519 1042 4577 ab

246 4606 342 4678 eisqui
353 4609 388 4665 ad
402 4624 450 4666 vos
462 4610 546 4668 libros
559 4609 683 4684 origenis
695 4611 857 4678 attulerunt,
871 4610 898 4667 id
914 4612 1042 4669 traditum

245 4715 306 4756 csse
323 4715 518 4758 commemoras
532 4702 603 4773 qnod
617 4703 716 4758 ueritas
729 4702 824 4769 habet;
847 4709 941 4758 contra
959 4717 1040 4774 quam

246 4794 384 4850 ueritatem
398 4793 582 4852 Priscillianus
599 4793 780 4851 Sabelliaunm
792 4795 929 4866 antiquum
941 4794 1039 4867 dogma

245 4885 377 4953 restituit,
402 4886 516 4958 ubiipse
536 4886 616 4943 Pater
628 4887 674 4958 qui
692 4885 790 4952 Filius,
811 4886 857 4958 qni
879 4895 906 4942 et
925 4885 1040 4957 Spiritus

244 4985 352 5032 sanctus
371 4975 541 5046 perhibetur,
562 4977 613 5032 buc
632 4978 682 5033 iste
702 4976 787 5048 pejor,
811 4976 883 5048 quod
904 4976 985 5034 ctiam
1004 4978 1040 5036 de

242 5068 331 5123 anima
345 5066 382 5123 ita
396 5069 491 5134 sentit,
512 5079 541 5123 ει
562 5083 616 5124 non
628 5082 688 5123 cam
708 5067 845 5139 propriam
860 5067 925 5124 uelit
938 5067 1039 5125 habere

243 5166 385 5228 naturam,
406 5156 453 5215 sed
474 5158 508 5215 de
530 5158 589 5231 ipso
610 5156 665 5214 lieo
679 5166 804 5229 tanquam
819 5159 975 5228 particulam
988 5158 1038 5215 de-

243 5251 343 5320 linere,
358 5260 385 5306 et
405 5259 460 5306 mm
474 5250 631 5308 deformiter
643 5251 775 5322 inquinari
788 5259 867 5322 atque
878 5250 905 5308 in
920 5251 1038 5307 deterius

243 5341 402 5398 commutari
425 5359 485 5399 cunr
506 5342 659 5400 hlanichceis
681 5342 777 5399 audeat
799 5343 956 5399 alilrmare:
982 5359 1036 5400 non
1068 5357 1070 5362 ’

242 5451 336 5507 parum
349 5435 412 5494 boni
426 5450 458 5492 ex
480 5437 556 5494 libris
570 5437 623 5493 illis
643 5436 780 5508 pruvincia
797 5446 884 5493 restra
899 5439 1036 5510 percepit,

233 5527 269 5585 'in
280 5543 312 5583 ea
324 5543 355 5584 re
367 5529 482 5586 manime
497 5528 522 5584 in
539 5545 592 5600 qua
603 5530 752 5600 capitaliter
762 5540 886 5598 erratur;
901 5530 937 5586 dc
948 5530 1036 5588 crea·

241 5627 299 5675 tore
314 5619 429 5690 qnippe,
455 5631 509 5676 uon
527 5620 562 5677 de
575 5629 715 5688 creatura,
732 5629 787 5677 ιειε
802 5622 868 5678 laisa
880 5630 908 5678 et
920 5630 973 5678 tam
989 5637 1037 5678 ne-

240 5709 307 5768 laria
324 5710 485 5768 sentiuntur.
505 5711 641 5784 Sircerqo
658 5712 684 5769 in
699 5712 768 5768 harrc
781 5713 862 5771 iidem
881 5711 928 5787 qui
941 5712 1035 5771 deuia·

271 5845 388 5896 ‘sicta
401 5843 776 5911 [ammanuensium]

559 351 607 409 tit
623 349 773 410 onosmtt
790 349 927 410 contus
945 349 1109 412 nutscttt.
1129 351 1175 412 ΕΤ
1191 351 1343 428 ouluntt,
1357 357 1387 416 S.
1405 357 1590 419 nouusttut

1848 374 1904 433 h'lh

1107 476 1202 525 nerant
1214 472 1329 528 restituti
1343 482 1414 543 sunt,
1428 475 1485 533 siue
1496 479 1541 550 qui
1553 493 1612 536 eam
1625 481 1743 540 nondum
1758 498 1902 558 noverant,

1106 563 1210 620 iliamm
1221 565 1428 638 disputationum
1439 569 1552 628 lectione
1562 573 1722 646 didicerunt,
1734 577 1786 636 hoc
1795 594 1825 636 se
1834 597 1903 653 gau·

1106 654 1186 712 deant
1198 657 1322 716 didicisse
1336 661 1407 730 quod
1419 677 1513 718 sanum
1526 674 1578 721 est.
1590 666 1666 735 Quod
1677 679 1765 725 autem
1780 679 1808 728 et
1822 673 1848 728 in
1859 675 1905 732 eis

1106 751 1206 806 erroris
1218 759 1269 819 est,
1283 768 1434 826 quanquam
1447 765 1472 812 te
1485 758 1642 830 cognouisse
1651 746 1706 832 jam
1718 762 1842 832 uideam3
1860 776 1905 822 ta-

1105 854 1166 895 men
1180 841 1403 912 quemadmodum
1423 855 1515 903 contra
1533 849 1595 904 talin
1609 848 1767 919 disseratur,
1788 854 1823 910 ihi
1839 872 1903 912 me·

1105 930 1157 987 lius
1174 932 1277 989 discere
1299 937 1419 1006 poteris,
1441 937 1485 994 ubi
1498 955 1574 996 error
1594 940 1652 1014 ipse
1665 951 1693 999 et
1711 945 1775 1000 olim
1789 957 1903 1005 exortus

1105 1033 1157 1094 est,
1170 1035 1199 1082 et
1210 1041 1262 1083 non
1276 1029 1339 1086 olim
1352 1031 1484 1101 proditos.

1140 1118 1253 1177 CAPUT
1273 1121 1305 1178 V.
1319 1151 1356 1164 -
1369 1123 1395 1179 ὅ.
1417 1124 1549 1192 Quantum
1574 1143 1682 1198 possum
1705 1115 1793 1190 tamen
1817 1135 1902 1193 otium

1105 1226 1155 1282 ego
1167 1227 1336 1283 commoneo,
1349 1225 1378 1272 ut
1388 1216 1421 1273 de
1436 1219 1535 1275 diaboli
1546 1222 1755 1296 angelorumque
1765 1228 1823 1298 cius
1835 1245 1886 1286 cor

1105 1307 1223 1362 rectione
1241 1317 1268 1363 ct
1289 1308 1317 1365 in
1337 1310 1476 1380 pristinum
1501 1322 1598 1371 statum
1614 1320 1780 1387 reparatione
1802 1337 1901 1394 sapere

1106 1397 1171 1453 nihil
1184 1397 1282 1457 audeas
1297 1419 1304 1456 :
1318 1417 1370 1458 uon
1385 1405 1446 1474 qnia
1459 1405 1565 1462 diabolo
1576 1419 1603 1464 et
1615 1408 1781 1470 daenronihus
1793 1416 1900 1474 inride-

1105 1507 1176 1558 mus,
1190 1501 1218 1549 et
1227 1509 1259 1550 eo
1272 1496 1352 1552 modo
1369 1498 1444 1568 quasi
1463 1500 1547 1556 uicum
1562 1503 1757 1562 malevolentiae
1770 1511 1901 1580 rependi-

1104 1601 1180 1656 mus,
1196 1601 1256 1644 cum
1278 1589 1383 1646 illinon
1405 1592 1440 1648 ob
1453 1593 1524 1648 alind
1547 1595 1597 1651 nisi
1612 1596 1764 1655 invidentiae
1783 1604 1902 1660 stimulis

1104 1680 1206 1751 agitati,
1221 1691 1312 1738 nostra
1327 1683 1530 1755 itinera'quihus
1542 1687 1569 1743 in
1585 1689 1668 1745 licum
1688 1692 1822 1750 tendimus
1837 1711 1902 1766 per·

1105 1772 1213 1829 turbare
1225 1784 1369 1842 conentur;
1385 1776 1432 1832 scd
1445 1778 1507 1849 quia
1521 1779 1622 1836 ultimae
1640 1784 1780 1840 sententiae
1799 1787 1902 1844 summi

1105 1872 1133 1919 et
1146 1866 1310 1922 veracissImi
1332 1866 1449 1938 iudicis,
1469 1885 1504 1926 ex
1521 1878 1610 1928 nostra
1626 1879 1833 1947 praesumptione
1847 1881 1900 1937 ad·

1104 1955 1169 2014 dere
1183 1957 1249 2014 nihil
1271 1959 1410 2018 debemus.
1434 1955 1582 2034 ipse‘enirn
1605 1981 1635 2024 se
1655 1971 1785 2027 similibus
1803 1988 1900 2034 eorum

1103 2048 1237 2105 dicturum
1250 2065 1310 2108 esse
1330 2052 1470 2123 praedixit:
1494 2055 1534 2112 lta
1554 2059 1582 2114 in
1596 2060 1679 2132 iquent
1693 2071 1838 2138 ctutum,
1853 2071 1901 2138 qui

1104 2151 1208 2212 paratus
1219 2152 1256 2198 cst
1268 2145 1369 2200 diabolo
1381 2154 1404 2201 et
1417 2147 1515 2220 eupolis
1526 2151 1590 2222 ejus.
1606 2149 1660 2208 Nec
1675 2169 1785 2214 movere
1798 2158 1897 2230 debet,

1103 2241 1131 2288 ut
1144 2233 1196 2290 hoc
1210 2233 1269 2290 loco
1283 2243 1413 2293 aeternum
1426 2254 1476 2309 pro
1488 2240 1614 2300 diuturno
1628 2245 1804 2317 accipiamus,
1823 2253 1899 2321 quod

1103 2326 1166 2381 alibi
1178 2327 1306 2398 scriptum
1329 2337 1387 2399 εει,
1411 2328 1578 2390 lanternam
1593 2343 1616 2390 ct
1632 2338 1659 2393 in
1676 2341 1796 2395 seculum
1809 2345 1899 2400 secuti

1103 2417 1189 2492 (Psoi.
1201 2436 1237 2487 ra,
1251 2419 1290 2493 6).
1304 2421 1414 2478 Latinus
1433 2425 1531 2496 quippe
1545 2427 1676 2500 interpres
1689 2431 1773 2488 noluit
1787 2432 1896 2508 dicere,

1102 2511 1131 2567 ln
1146 2521 1276 2570 aeternum
1288 2523 1317 2571 et
1336 2515 1363 2571 in
1384 2526 1514 2574 aeternum
1531 2526 1635 2592 aeterni.
1656 2523 1710 2582 Sed
1727 2527 1854 2597 quoniam
1870 2529 1897 2585 id

1102 2604 1173 2676 quod
1187 2614 1245 2660 ates
1258 2621 1345 2678 graece
1358 2607 1464 2678 dicitur,
1473 2619 1508 2684 ,ει
1527 2614 1654 2669 saeculnm
1669 2625 1697 2671 et
1709 2627 1840 2675 aeternnm
1853 2619 1897 2676 in·

1103 2699 1245 2768 terpretari
1258 2708 1354 2770 potest,
1369 2703 1536 2762 commodius
1548 2705 1593 2762 alii
1606 2705 1766 2778 interpretes
1778 2719 1897 2768 transtu·

1101 2793 1200 2860 lerunt,
1215 2792 1249 2848 ln
1262 2795 1383 2850 mentum
1393 2805 1418 2851 ct
1431 2797 1458 2852 in
1469 2798 1590 2854 emtum
1602 2799 1699 2856 seculi.
1711 2801 1766 2858 Sed
1777 2819 1831 2858 non
1844 2803 1898 2863 hue

1101 2884 1202 2941 dictum
1216 2895 1258 2941 cst
1270 2886 1315 2944 ubi
1329 2885 1429 2943 dietum
1441 2896 1492 2956 cst,
1507 2890 1520 2944 1
1525 2899 1547 2944 te
1556 2891 1583 2946 in
1596 2892 1679 2964 iqncm
1690 2901 1821 2950 eternum.
1835 2895 1897 2954 lion

1101 2976 1174 3032 enim
1187 2976 1285 3034 dictum
1299 2987 1342 3036 est
1354 2989 1439 3048 etone,
1453 2981 1500 3036 sed
1513 2991 1608 3048 «turin
1623 3001 1629 3037 :
1643 2984 1713 3055 quud
1727 2986 1750 3042 si
1766 2988 1896 3046 asaeculo

1100 3067 1262 3126 declinatum
1287 3080 1375 3140 esset,
1406 3074 1535 3130 saeculare
1562 3075 1644 3132 latine
1670 3077 1813 3148 diceretur,
1840 3097 1895 3138 non

1100 3171 1240 3230 aeoemum,
1255 3164 1327 3235 quod
1341 3181 1420 3222 nemo
1432 3167 1564 3239 interpres
1576 3185 1664 3242 nuqua
1675 3187 1784 3229 mausus
1798 3181 1840 3230 est
1851 3172 1896 3231 di-

1099 3268 1171 3311 eere.
1193 3254 1361 3328 Quapropter
1381 3257 1443 3314 licet
1466 3259 1547 3316 latine
1567 3255 1693 3316 saeculnm
1722 3279 1783 3318 cnm
1804 3265 1895 3336 aliquo

1100 3346 1154 3404 line
1166 3348 1337 3420 intelligatur,
1352 3358 1481 3406 aeternnm
1492 3367 1557 3409 vero
1569 3353 1620 3408 nisi
1640 3353 1665 3408 id
1678 3355 1749 3426 qnod
1761 3357 1820 3412 sinc
1840 3358 1896 3416 stne

1099 3448 1149 3505 est,
1163 3452 1217 3496 non
1227 3439 1314 3496 soleat
1326 3441 1471 3512 appellari;
1485 3451 1543 3526 atur
1552 3453 1640 3500 autem
1650 3460 1738 3516 graece
1748 3446 1894 3518 aliqnando

1098 3539 1239 3602 aeternnm,
1253 3532 1396 3605 aliquando
1410 3535 1537 3591 saeculum
1552 3535 1701 3608 significare
1709 3533 1893 3610 intelligatur:

1098 3635 1190 3684 umen
1202 3627 1273 3699 quod
1287 3643 1320 3683 ex
1342 3627 1393 3684 hoc
1411 3629 1519 3685 nomine
1538 3628 1674 3686 derivatur
1695 3641 1722 3688 et
1743 3632 1895 3704 appellatur

1098 3729 1201 3788 eterno»,
1214 3735 1264 3777 nec
1277 3720 1326 3790 ipsi
1340 3719 1444 3786 Gracci,
1459 3730 1587 3792 quantum
1602 3721 1735 3792 existimo,
1749 3725 1838 3780 solent
1850 3725 1893 3781 in·

1099 3810 1235 3882 telliqere,
1251 3811 1301 3867 nisi
1322 3811 1349 3868 id
1362 3810 1433 3882 qnod
1450 3812 1597 3869 nonhabet
1620 3813 1710 3870 linem.
1731 3814 1788 3872 Nos
1802 3825 1893 3873 autern

1097 3901 1154 3958 siue
1167 3913 1242 3957 αιενα
1259 3902 1315 3959 sive
1329 3911 1424 3958 atainei
1440 3919 1494 3960 non
1509 3905 1627 3961 solemus
1639 3905 1727 3962 dicere
1740 3906 1791 3962 nisi
1810 3916 1893 3964 aeter·

1097 4009 1174 4062 num;
1198 3994 1245 4051 scd
1266 4006 1341 4050 atem
1353 3994 1465 4052 dicimus
1486 4004 1512 4052 et
1527 3997 1672 4066 seculum,
1686 4007 1780 4053 stares
1800 4008 1892 4058 auteur

1096 4099 1151 4141 non
1166 4083 1216 4141 nisi
1230 4094 1370 4141 aternum.
1384 4085 1509 4153 Quanrvis
1530 4087 1637 4159 quidam
1661 4088 1793 4145 interdum
1808 4091 1891 4146 etiam

1096 4176 1222 4232 aeternale
1234 4175 1350 4232 audeant
1359 4175 1460 4245 dicere,
1477 4193 1511 4234 ne
1525 4178 1614 4236 latinos
1628 4179 1726 4251 linque
1739 4180 1835 4238 deesse
1850 4183 1891 4238 ti-

1095 4267 1190 4326 deatur
1203 4268 1343 4325 abeodem
1356 4271 1463 4328 nomine
1475 4271 1614 4329 derinnuo.

1130 4363 1157 4418 6.
1179 4359 1214 4416 lit
1226 4360 1339 4418 sortasse
1349 4361 1454 4435 qnidam
1464 4363 1609 4420 secundum
1619 4379 1721 4422 morem
1736 4364 1891 4438 Scriptura-

1094 4470 1154 4513 rum
1169 4456 1304 4513 inveniant
1315 4456 1358 4512 isti
1381 4456 1480 4528 aliquid
1493 4459 1573 4514 ctiam
1588 4467 1682 4515 atticen
1692 4458 1803 4526 dictum,
1815 4461 1892 4532 quod

1094 4547 1153 4603 siue
1161 4547 1270 4603 smenon
1282 4548 1325 4616 sit,
1335 4549 1481 4606 sicutlieus
1490 4549 1598 4606 inlibris
1613 4550 1714 4607 Veteris
1722 4551 1891 4610 Testamenti

1094 4639 1199 4697 assidue
1207 4640 1285 4707 dictu
1300 4640 1355 4696 Hoc
1368 4641 1437 4696 ochis
1449 4643 1497 4697 crit
1505 4643 1643 4715 lepitimum
1654 4655 1778 4700 eternum
1786 4644 1889 4715 (and.

1093 4747 1185 4798 xxuu,
1201 4732 1254 4798 t5;
1268 4731 1348 4787 benit.
1362 4750 1418 4798 εει,
1434 4735 1478 4802 bl,
1494 4733 1553 4807 etc.)
1573 4735 1665 4806 ;quod
1678 4751 1783 4808 graecus
1803 4737 1891 4796 hahet

1093 4832 1186 4878 aturrus
1197 4823 1312 4880 :cumde
1322 4824 1418 4882 talibus
1427 4827 1805 4900 sacramentiseomodosnrpc
1816 4845 1891 4901 prac-

1092 4917 1212 4986 ciperet,
1227 4932 1286 4988 quae
1300 4917 1380 4974 linem
1404 4919 1511 4976 inerant
1524 4920 1666 4988 habitum
1686 4937 1839 4994 quanquam
1865 4928 1892 4984 si

1093 5009 1245 5080 diligentins
1259 5009 1328 5066 dicta
1354 5012 1545 5084 intelligantur,
1569 5029 1600 5070 ea
1613 5012 1728 5072 sortasse
1753 5017 1891 5087 quasillis

1092 5104 1267 5160 sacramentis
1278 5105 1503 5175 significabuntur,
1511 5105 1590 5162 linem
1600 5121 1652 5163 nou
1663 5116 1739 5164 crant
1751 5108 1889 5166 habitura.

1092 5194 1129 5250 lta
1140 5197 1222 5264 enirn,
1234 5211 1267 5252 uc
1280 5195 1384 5268 longius
1395 5198 1499 5264 abeam,
1514 5197 1627 5256 dicimus
1639 5207 1767 5256 aeternnm
1788 5200 1889 5271 licum,

1092 5303 1144 5343 non
1160 5287 1251 5360 utique
1262 5289 1326 5345 istus
1341 5290 1407 5346 duas
1421 5291 1591 5346 brevissimas
1601 5292 1727 5364 syllabas,
1750 5293 1798 5348 sed
1812 5295 1889 5365 quod

1091 5379 1130 5434 eis
1144 5379 1317 5450 significatur.
1338 5381 1370 5437 Et
1391 5382 1458 5438 dixit
1484 5383 1629 5454 Apostolus
1642 5396 1742 5478 ategua
1761 5393 1889 5456 tempora

1092 5471 1179 5543 priora
1191 5481 1217 5529 ει
1229 5473 1335 5543 εειίεεε
1349 5473 1380 5545 (ll
1395 5473 1462 5529 Tin.
1476 5491 1495 5542 r,
1513 5474 1553 5546 9),
1567 5475 1674 5546 quodiu
1687 5476 1891 5548 praeelegitur

1090 5573 1135 5636 πρὸ
1146 5575 1233 5638 χρὰιωε
1245 5573 1355 5621 αἰωνίων.
1369 5565 1410 5622 hd
1421 5567 1508 5623 Titum
1519 5565 1590 5622 enittt
1604 5567 1724 5624 scribetis
1733 5566 1772 5623 ali
1784 5586 1791 5625 t
1803 5567 1889 5642 Spem

1090 5657 1147 5711 ttitoe
1157 5667 1256 5714 eterno
1269 5675 1346 5730 quoru
1359 5658 1474 5730 proprisit
1484 5675 1535 5714 uon
1546 5659 1655 5714 urendos
1668 5658 1737 5715 licor
1746 5669 1806 5716 ωιιε
1817 5670 1887 5718 ιειιι-

1090 5758 1256 5820 perconcino
1276 5749 1338 5820 (Tit.
1351 5766 1370 5818 r,
1384 5748 1425 5823 2).
1440 5749 1508 5807 Cum
1532 5760 1620 5806 antem
1638 5761 1786 5808 retrorsum
1811 5763 1887 5811 tcm-

1089 5853 1154 5912 pora
1166 5855 1182 5898 a
1196 5843 1385 5902 constitutione
1394 5842 1487 5904 mucidi
1496 5842 1596 5902 habere
1607 5842 1748 5904 rideantur
1760 5844 1886 5920 initium,
