4034 6334
284 363 352 420 tltt't

283 477 360 549 Quod
373 477 483 534 fecimus
495 474 583 532 faciat.
596 470 676 541 Quid,
688 467 810 534 obsecro,
822 462 1012 523 facturus-esti
1023 461 1077 518 lle·

284 550 389 606 nuntiet
402 549 525 607 diabolo,
538 543 642 615 pompis
656 549 683 598 et
696 537 869 611 angelistejus
883 554 890 591 :
905 535 963 592 hara
976 543 1018 590 est
1032 533 1078 588 illa

284 621 414 677 damnosa
428 616 584 681 hareditas,
599 613 642 669 cui
655 613 807 669 renuntiare
821 606 1016 678 compellimur.
1031 604 1079 659 Vi·

285 692 371 757 detis,
395 687 578 754 dilectissimi,
599 685 706 756 qualem
729 680 887 739 sententiam
911 676 1080 751 protulerunt

286 763 370 818 nostri
384 760 548 816 defensores.

216 893 220 904 ,
321 829 434 888 CAPUT
448 829 492 886 tv.
510 857 545 870 -
567 825 690 897 Relapaar
709 841 726 880 o
743 823 884 895 Baptirmo.
909 819 1005 890 Vigilat
1028 816 1080 872 ila·

286 919 339 974 quo
352 902 550 972 unusquisqne,
578 913 613 954 ne
635 912 688 952 non
712 911 745 950 ex
768 904 822 950 toto
844 890 999 948 rerrnntians
1021 893 1081 958 post

286 973 497 1045 professionem,
513 970 582 1040 apud
606 984 666 1025 eum
688 965 808 1022 diabolus
829 977 891 1018 suos
916 974 1018 1032 pannos
1038 973 1081 1014 re·

285 1052 430 1114 cognoscat
442 1060 450 1098 a
464 1050 492 1098 el
512 1040 619 1114 incipiat
638 1053 701 1095 reus
722 1050 830 1105 semper
848 1033 977 1095 detineri,
1000 1043 1081 1097 quem

286 1114 408 1174 Christus
426 1113 510 1172 voluit
533 1127 581 1168 sua
602 1111 685 1181 gratia
706 1108 829 1163 libemre.
851 1103 906 1160 Nec
927 1103 977 1157 sihi
1004 1100 1082 1154 blan·

287 1185 411 1253 diantur,
429 1185 475 1255 qui
493 1190 553 1255 post
571 1180 683 1252 gratiam
703 1187 840 1248 acceptam
862 1173 958 1242 corrigi
975 1170 1080 1237 nolunt,

289 1266 368 1328 atque
389 1268 482 1312 rursus
502 1253 536 1309 ad
557 1253 617 1306 illas
638 1264 700 1305 soas
723 1248 848 1319 pristinas
872 1241 1081 1323 redeuntvolu·

289 1335 383 1398 ptates.
410 1325 586 1395 Exspectatur
609 1321 679 1376 enim
707 1317 763 1375 dies
790 1317 899 1386 judicii,
926 1313 1013 1368 aderit
1037 1310 1083 1368 rlle

289 1397 457 1468 :equissimus
468 1397 567 1465 judex,
582 1394 626 1462 qui
641 1390 738 1446 nullius
750 1389 865 1459 potentis
880 1398 1021 1455 personam
1034 1397 1083 1436 ac·

289 1469 385 1538 cipiet,
401 1467 477 1536 cujus
491 1465 616 1536 palatium
630 1476 695 1516 auro
707 1468 850 1530 argentove
865 1469 944 1524 nemo
959 1468 1082 1509 eorrum-

290 1548 344 1608 pet.
358 1537 489 1594 hstahunt
508 1549 600 1590 omnes
620 1533 733 1596 animae,
748 1538 776 1584 ιιι
797 1526 894 1584 referat
916 1539 1083 1594 unaquaequo

290 1607 436 1664 secundnm
448 1621 479 1662 co
492 1619 612 1677 quaepcr
624 1607 720 1672 corpus
732 1599 822 1672 gessit,
836 1599 893 1653 sive
906 1596 1016 1658 honum,
1027 1595 1083 1650 sive

290 1680 390 1734 malum
404 1677 437 1750 (ll
448 1673 508 1734 Gor.
520 1692 546 1743 v,
560 1671 615 1746 to).
626 1673 727 1728 Praesto
736 1671 806 1726 enim
817 1669 868 1724 crit
878 1676 905 1722 ct
915 1665 1084 1722 adversarius

291 1750 429 1814 diaholus;
443 1745 625 1802 recitabuntur
638 1743 719 1798 verba
739 1737 911 1811 professionis
925 1744 1034 1793 nostrae.
1050 1735 1085 1790 Et

291 1820 314 1874 si
328 1820 387 1875 talis
401 1819 523 1874 inventus
535 1815 614 1870 frrerit
625 1815 746 1884 quisque,
761 1819 790 1865 ut
803 1810 907 1864 debitor
921 1823 952 1864 ex
969 1807 1019 1861 hac
1030 1805 1083 1860 vita

291 1890 404 1960 migret;
421 1887 564 1944 exsultabit
582 1885 626 1940 ille
647 1881 815 1938 adversarius
836 1881 862 1934 in
879 1887 1025 1949 conspectu
1043 1889 1085 1931 sc·

291 1959 421 2020 verissimi
437 1957 562 2027 ¹jndicis,
576 1955 739 2022 superiorem
752 1966 781 2007 se
793 1965 852 2006 esse
863 1950 990 2014 eieramus,
1003 1962 1084 2018 agens

293 2031 371 2086 talem
381 2043 488 2085 causam
498 2027 567 2096 apud
580 2025 656 2080 talem
665 2024 781 2095 judicem
792 2021 979 2090 :AEqnissimc,
989 2018 1083 2088 inquit,

288 2100 371 2171 judex
392 2100 480 2168 iuste,
505 2097 592 2152 'udica
604 2113 611 2147 ε
625 2094 732 2149 fartilia
746 2101 770 2146 ct
781 2092 909 2162 judicium
929 2090 1084 2160 praeparatio

290 2171 357 2226 sedis
370 2178 420 2225 tua
433 2168 498 2242 (Pro
511 2207 518 2222 .
533 2182 662 2229 ιιιιιιιι,
679 2165 735 2235 15).
749 2162 841 2218 ludica
854 2175 943 2216 areum
957 2174 1027 2225 esse,
1039 2160 1085 2230 qui

292 2251 352 2297 tuus
366 2255 426 2297 esse
445 2239 530 2296 noluit
544 2257 552 2293 ι
566 2251 642 2292 meus
654 2245 713 2300 εει,
731 2249 835 2289 mecum
853 2229 1019 2286 damnandus
1030 2241 1082 2284 est.

291 2311 356 2367 Post
378 2310 599 2366 renuntiationem
625 2305 717 2377 utquid
744 2304 840 2359 invasit
865 2317 967 2372 panrros
993 2300 1084 2356 irretrsl

291 2381 360 2452 Quid
373 2381 442 2453 apud
458 2396 517 2436 cum
532 2377 695 2449 impudicitia
710 2374 838 2439 faciebat,
859 2373 902 2427 cui
917 2373 973 2442 ipse
988 2387 1085 2426 ιειιιιιι·

293 2452 423 2508 tiareratl
435 2451 503 2519 Quid
518 2446 729 2519 intemperantia,
744 2445 808 2516 quid
821 2443 941 2508 atraritia,
956 2441 1019 2512 qnid
1034 2442 1083 2507 ira,

271 2563 273 2567 -
291 2523 354 2595 quid
369 2523 508 2594 superbia,
525 2519 589 2593 quid
601 2526 697 2575 caetera
713 2515 949 2576 meafPostremo‚
963 2512 1085 2582 acquissi-

291 2610 335 2650 me
348 2611 355 2648 a
370 2593 513 2664 fugientem
526 2607 542 2646 a
554 2607 606 2655 me,
618 2588 815 2658 confugientem
828 2584 861 2640 ad
874 2595 909 2650 te,
921 2592 1013 2654 postea
1024 2598 1084 2638 cum

292 2665 359 2722 meis
373 2665 468 2736 quihus
480 2661 676 2718 renuntiaverat
689 2656 864 2729 apprehendi,
876 2657 1027 2710 invasorem
1039 2653 1085 2710 de-

292 2734 358 2791 tinui
373 2753 379 2790 :
393 2737 419 2790 in
442 2735 499 2805 ipsa
522 2731 637 2804 quodam
659 2731 738 2786 modo
758 2744 817 2784 mea
832 2726 1000 2798 possessione
1013 2740 1027 2779 a
1042 2739 1086 2780 me

291 2805 476 2876 apprehensus
492 2813 546 2860 est.
563 2803 631 2871 Quid
645 2803 715 2857 enim
731 2800 757 2854 in
770 2799 841 2855 circo
855 2796 984 2860 faciebat,
1004 2804 1085 2865 atquc

291 2875 326 2930 ihi
342 2875 438 2944 furias,
453 2877 512 2931 lites
523 2875 545 2942 ¹,
560 2877 667 2929 insanas
681 2885 776 2936 voces,
791 2871 936 2937 inanesque
948 2865 1082 2933 victorias,

278 2951 347 3001 'tum
359 2949 413 3017 jam
427 2962 443 3001 a
455 2962 485 3002 se
496 2947 597 3000 alienas
609 2938 881 2998 sibimet-dividebat?
891 2936 960 3005 Quid
971 2937 999 2991 in
1011 2937 1086 2991 thea-

292 3027 333 3072 tro
348 3017 459 3072 faciebat
473 3015 640 3072 renuntiator
652 3013 768 3082 turpium
781 3007 965 3080 voluptatum?
977 3007 1045 3076 Quid
1059 3009 1083 3061 in

292 3087 487 3157 amphitheatro
500 3085 671 3142 crudelitates
685 3085 740 3138 suis
755 3081 838 3135 oeulis
855 3077 1001 3134 intuendo?
1015 3077 1085 3133 'lire-

258 3198 264 3212 .
291 3157 433 3213 saurizavit
442 3157 491 3212 sihi
506 3157 571 3211 iram
585 3156 611 3208 in
621 3153 665 3212 die
676 3154 722 3207 irae
733 3151 821 3222 (Reor.
833 3167 860 3218 n,
873 3150 911 3220 5).
923 3149 1084 3204 haecomnia

292 3243 351 3284 mea
365 3237 424 3298 post
437 3226 660 3282 renuntiationem
675 3224 780 3289 invasit,
794 3237 869 3276 meus
883 3234 942 3275 esse
954 3218 1046 3284 voluit,
1057 3229 1085 3272 et

291 3314 350 3356 mea
371 3298 531 3368 concupivit.
547 3295 655 3359 ludica,
669 3294 759 3365 judica
773 3290 942 3362 aequissime:
957 3291 1084 3360 quoniam

291 3385 370 3440 quem
384 3377 412 3425 tu
425 3367 548 3439 dignatus
561 3381 590 3422 es
605 3374 677 3421 tanto
698 3363 785 3433 pretio
803 3363 932 3426 liberare,
947 3361 1004 3430 ipse
1019 3359 1084 3415 mihi

291 3457 321 3495 se
333 3439 502 3510 postmodum
523 3438 609 3494 roluit
625 3436 751 3506 obligare.
768 3433 887 3500 Poterit,
905 3431 1083 3498 dilectissimi,

291 3525 322 3565 os
334 3510 439 3582 aperire
451 3511 474 3566 is
485 3509 529 3636 gui
544 3517 603 3578 post
614 3507 806 3578 professionem
821 3519 896 3559 suam
911 3501 971 3558 talis
980 3501 1085 3557 irrreni·

291 3590 350 3648 tur,
365 3579 476 3652 utjuste
507 3579 595 3634 iaholo
609 3577 764 3633 addicatur?
784 3575 880 3630 Videte
902 3572 964 3644 quid
989 3574 1081 3642 agatls,

291 3651 338 3707 lllii
357 3652 425 3716 mei,
440 3651 536 3708 iratres
550 3649 619 3716 mei;
642 3645 811 3717 videtequid
831 3645 929 3715 agatis,
950 3643 1083 3713 quomodo

292 3722 360 3778 hanc
373 3720 565 3793 professionem
580 3727 697 3775 vestram
717 3715 880 3782 custodiatis.
896 3712 1084 3770 contestamur

290 3807 338 3848 vos
352 3807 398 3863 per
408 3794 494 3862 ipsum
499 3790 621 3917 judicem
634 3802 781 3859 omnesque
790 3793 934 3858 potestates
946 3784 1081 3852 coelestes,

290 3879 349 3932 qnae
363 3874 390 3924 et
402 3879 451 3918 nos
463 3878 495 3917 au
516 3863 573 3917 iunt
585 3860 768 3924 admonentes,
780 3869 808 3913 et
817 3873 865 3912 vos
877 3855 1012 3928 excipiunt
1023 3870 1082 3924 pro·

291 3933 407 4002 silentes,
425 3949 457 3989 ne
468 3935 495 3989 in
507 3947 618 3990 vacuum
632 3930 744 4002 gratiam
759 3929 806 3984 Dei
820 3926 956 3997 accipiatis
975 3925 1011 3996 (ll
1021 3925 1081 3981 Cor.

291 4021 331 4071 vr,
345 4006 389 4077 l),
405 4004 452 4062 sed
467 4004 547 4060 corde
562 4005 682 4073 integro,
702 4009 758 4056 tota
772 3999 885 4061 virtute,
898 3997 1017 4068 perfecta
1031 3997 1084 4053 lide

291 4077 473 4131 renuntiantes
495 4085 574 4144 atque
594 4080 751 4143 spernentes
771 4079 824 4124 ιιιιι
847 4067 1002 4122 damnosam
1023 4066 1083 4124 dia·

292 4143 404 4211 bolicam
425 4143 624 4211 haereditatem,
640 4157 674 4197 ne
687 4141 780 4212 pupilli
794 4139 836 4194 vel
851 4153 982 4210 pauperes
994 4152 1082 4193 rema-

291 4216 385 4271 neatis.

326 4284 438 4342 carth
451 4284 482 4340 V.
493 4313 529 4326 -
540 4284 640 4340 Triaria
651 4281 744 4338 auitas.
758 4280 866 4336 Credite
885 4280 911 4336 in
931 4279 1016 4335 Deum
1029 4279 1082 4334 Pa·

291 4365 359 4414 trem
372 4357 593 4427 omnipotentem.
604 4355 736 4410 hirruntes
747 4353 865 4417 Patrem,
880 4359 980 4406 mutate
995 4350 1082 4406 haere-

290 4429 411 4484 ditatem.
432 4427 497 4500 Quis
519 4435 560 4481 εει
585 4426 636 4482 iste
659 4424 739 4480 Pater
761 4421 950 4492 onnripotensi
973 4420 1080 4476 Patrem

186 4549 187 4552 ,
290 4499 396 4570 quidem
410 4499 508 4564 lleum,
522 4495 567 4567 qni
579 4495 733 4559 eredimus,
756 4505 876 4548 nostrum
898 4501 978 4562 atque
1000 4493 1081 4546 totius

289 4569 380 4624 mnndi
390 4568 575 4638 cognoscimus
584 4581 643 4623 esse
651 4559 819 4636 per-'gratiam
829 4580 837 4628 ς
849 4563 897 4619 sed
907 4574 934 4618 et
944 4563 1079 4631 proprium

290 4641 348 4709 eius
367 4639 464 4696 Filium
479 4641 622 4709 querimus
637 4651 685 4706 per
705 4633 899 4690 substantiam:
914 4633 1040 4703 quoniam
1052 4642 1081 4688 et

288 4720 430 4780 nrrtequam
448 4709 541 4764 abillo
560 4707 674 4762 mundus
689 4705 858 4771 formaretur,
873 4704 952 4759 Pater
966 4711 1034 4757 crat.
1050 4703 1079 4758 Si

289 4781 367 4836 Pater
379 4790 446 4845 erat,
460 4780 535 4852 crtjus
546 4778 626 4834 Pater
636 4778 712 4833 crati
726 4775 791 4832 Erat
808 4775 937 4844 el‘utique
947 4772 1032 4828 Filius
1042 4787 1078 4827 ex

288 4851 347 4920 ipso
360 4867 420 4907 cum
431 4853 499 4922 ipso,
514 4851 564 4904 hoc
575 4849 646 4920 quod
657 4851 723 4916 ipse,
739 4848 786 4901 scd
800 4861 853 4901 non
867 4847 941 4914 ipse;
953 4843 1078 4913 quoniam

288 4922 332 4977 ille
353 4923 441 4990 Pater,
464 4921 507 4977 hic
524 4920 608 4975 Filius
629 4935 635 4972 :
654 4919 778 4988 quoniam
804 4917 974 4985 ornrripotens
998 4914 1078 4972 Pater

287 4993 497 5062 onrrripotentem
510 4991 607 5046 Filium
623 4989 715 5060 genuit
727 4987 760 5042 dc
772 5003 811 5052 sc,
824 4987 859 5040 ita
873 4985 1000 5056 aequalem
1012 4984 1074 5051 sihi,

287 5073 316 5118 ut
328 5072 399 5118 totns
414 5070 534 5117 maneret
549 5063 575 5115 in
589 5075 628 5125 sc,
642 5068 670 5115 et
684 5067 756 5114 esset
768 5057 846 5111 Pater
860 5055 920 5111 Filii
932 5097 940 5122 ‚
952 5064 979 5108 et
991 5054 1077 5110 Filius

288 5133 384 5198 lhttris,
398 5134 468 5188 Deus
481 5148 514 5187 ex
527 5133 592 5195 lieo,
606 5131 664 5186 dies
678 5145 711 5184 ειι
724 5129 785 5196 die,
800 5127 890 5182 lunrcn
905 5141 939 5180 ex
953 5125 1074 5181 lumine:

286 5219 336 5260 nee
348 5213 437 5260 tamen
452 5202 505 5258 dno
518 5201 565 5267 dii,
578 5211 624 5255 aut
635 5202 688 5260 duo
700 5199 776 5265 dies,
789 5207 835 5251 ant
847 5197 900 5250 dno
913 5196 1054 5251 luminaria
1066 5213 1074 5263 ;

285 5275 333 5336 scd
347 5289 416 5330 unus
431 5274 519 5333 heus,
534 5287 602 5327 unus
617 5271 693 5336 dies,
708 5285 789 5326 unum
805 5269 905 5323 lumen.
926 5266 982 5320 Non
1001 5267 1075 5349 capis

285 5345 416 5411 ridendo,
434 5343 551 5413 intellige
565 5342 699 5398 credendo
713 5359 721 5396 ι
736 5339 834 5396 inundat
857 5338 947 5394 oeulos
966 5337 1073 5404 cordrs;

285 5416 339 5470 imo
353 5417 441 5486 potius
455 5415 511 5484 ipsa
532 5415 576 5469 lux
590 5429 669 5484 qnam
684 5411 821 5468 desideras
836 5409 944 5474 videre,
963 5407 1075 5463 mundet

284 5501 332 5542 eor
351 5495 442 5555 tuurn,
459 5495 488 5541 ut
499 5485 561 5540 sita
578 5494 748 5555 peccatorum
763 5481 880 5538 tenebris
893 5478 1048 5535 mundatum
1064 5494 1072 5534 a

271 5557 357 5620 ‚lleatr'
377 5557 448 5613 enim
470 5555 565 5610 rrrurrdo
587 5555 678 5619 corde,
700 5553 759 5625 quia
781 5552 830 5624 ipsi
852 5551 934 5607 Deam
955 5549 1074 5606 ridebant

284 5629 389 5700 (flattu.
400 5644 425 5695 v,
437 5625 475 5700 8).
488 5627 557 5680 Ecce
565 5625 678 5682 extende
689 5625 773 5680 aciem
785 5623 853 5678 oculi
865 5621 953 5679 cordis
964 5630 991 5676 ct
999 5620 1070 5685 vide,

283 5711 307 5756 e·
323 5716 414 5757 aurern
430 5697 520 5754 cordis
538 5695 709 5752 accommoda
731 5704 758 5752 et
781 5695 852 5748 rrurli.
869 5694 946 5748 Pater
960 5691 1031 5748 enim
1045 5702 1073 5748 et

315 5835 322 5866 ¹
343 5833 403 5883 alias
414 5829 645 5892 oliti,seremaroni.

315 5896 325 5928 ¹
341 5897 492 5944 corbeiensis
502 5901 554 5956 its,
566 5899 636 5955 uttptc
646 5890 792 5952 tartaraeos
802 5889 863 5940 filet.

1006 342 1188 406 srrhhmlt.

1852 340 1929 411 arao

1133 460 1282 518 Filimduo
1296 469 1401 528 sonant,
1414 461 1538 520 sedeam
1557 460 1615 532 ipse
1631 460 1716 518 Filius
1727 461 1810 530 dicit,
1827 464 1886 537 llpa
1899 466 1931 520 iar

1133 531 1221 601 Patre,
1232 542 1257 587 et
1269 531 1378 588 Pateria
1390 551 1431 588 me
1441 543 1477 588 ert
1487 533 1580 604 (foca.
1588 549 1643 600 mv,
1654 533 1711 604 to),
1724 534 1842 591 Verbum
1852 553 1930 593 enim

1133 603 1221 660 Patris
1242 604 1404 668 ombilico:
1426 605 1507 662 Pater
1531 610 1619 660 autem
1644 619 1779 675 nunquam
1802 605 1853 662 fuit
1867 609 1932 665 εἰιιο

1134 673 1233 742 Verbo,
1244 676 1369 747 quoniam
1383 673 1417 730 fn
1431 675 1556 745 prinmpio
1568 684 1621 730 erat
1639 674 1756 744 Verbum,
1773 688 1797 731 et
1815 676 1930 734 Verbum

1133 755 1187 801 erut
1208 747 1278 817 apati
1299 745 1397 812 Deam,
1419 755 1443 800 et
1463 745 1532 801 llere
1545 755 1598 801 erat
1619 745 1726 801 Verbum
1739 763 1749 800 .·
1762 749 1811 802 hoc
1825 759 1881 803 erat
1900 752 1931 806 fra

1134 817 1258 890 principio
1281 817 1350 889 apud
1367 815 1451 872 bam
1470 817 1527 888 (fd.
1540 833 1559 884 ι,
1574 814 1618 889 l):
1639 815 1691 874 boe
1704 817 1823 874 Verbum
1841 820 1931 880 thiae

1134 903 1194 944 cum
1208 896 1250 945 εει
1262 888 1289 943 in
1302 891 1391 955 Patre,
1411 896 1439 944 ει
1457 888 1541 943 Pater·
1556 887 1585 942 ln
1602 887 1673 944 Filio
1691 903 1740 943 suo
1753 887 1844 946 Verbo
1855 907 1927 948 sno:

1134 974 1187 1015 non
1201 974 1265 1032 ergo
1277 959 1331 1016 duo
1344 959 1380 1015 dii
1393 1001 1400 1026 ,
1415 959 1463 1015 sed
1483 974 1551 1018 unus
1566 969 1607 1014 εει
1621 960 1702 1015 bens.
1723 959 1846 1015 Dies-ex
1865 963 1929 1030 die,

1134 1030 1202 1085 diros
1211 1031 1335 1086 videntur
1345 1030 1495 1100 significare
1509 1029 1566 1085 dies
1578 1048 1586 1082 a
1598 1029 1645 1086 scd
1658 1045 1720 1086 cum
1733 1029 1790 1101 ipse
1802 1031 1890 1088 Filius
1900 1035 1928 1088 in

1135 1099 1279 1172 Evangelio
1292 1101 1357 1157 dicit
1367 1100 1478 1167 ludaeis,
1492 1100 1622 1155 Abrabam
1642 1111 1714 1170 pater
1729 1111 1811 1156 vester
1831 1105 1930 1173 cupivit

1134 1171 1218 1225 ridere
1229 1172 1295 1226 diem
1307 1189 1400 1241 areom,
1415 1182 1438 1228 et
1451 1171 1524 1246 aldit,
1535 1180 1558 1226 et
1567 1172 1667 1226 letatus
1679 1181 1717 1227 ert
1728 1171 1786 1243 (fd.
1795 1189 1853 1239 vtrr,
1867 1176 1927 1246 56);

1136 1241 1269 1298 Abraham
1288 1251 1377 1298 autem
1398 1254 1453 1299 tres
1468 1241 1562 1298 videns
1575 1243 1649 1298 viros
1662 1244 1713 1298 sub
1725 1258 1828 1314 quercu
1841 1245 1926 1301 Maru·

1136 1310 1194 1380 bre,
1210 1329 1263 1370 non
1277 1323 1332 1369 tres
1345 1313 1489 1384 appellavit
1500 1313 1633 1380 dominos,
1646 1315 1694 1370 sed
1706 1329 1788 1369 unum
1800 1315 1830 1370 in
1843 1317 1928 1372 corni-

1136 1383 1185 1438 bus
1205 1385 1347 1456 appellarit
1360 1385 1518 1449 llominum,
1536 1394 1661 1454 tarrquam
1677 1394 1732 1440 tres
1743 1385 1816 1441 diem
1832 1403 1926 1442 tinum.

1138 1453 1213 1509 Unde
1228 1456 1285 1526 ipse
1297 1456 1425 1511 Dominus
1439 1456 1466 1510 in
1479 1455 1635 1527 Evangelio,
1649 1471 1732 1511 unum
1743 1456 1837 1512 volens
1850 1458 1929 1513 intel·

1135 1524 1180 1595 ligi
1194 1525 1265 1581 diem
1277 1527 1285 1558 ¹
1296 1526 1403 1582 Patrem
1416 1536 1443 1581 et
1456 1525 1564 1594 Filium,
1580 1526 1702 1596 Philippo
1712 1529 1860 1597 requirenti
1875 1531 1925 1582 l‘a·

1136 1603 1203 1677 trem
1229 1604 1353 1667 tanquam
1377 1597 1489 1652 alterum
1513 1597 1603 1662 diem,
1623 1598 1748 1721 (puerilem
1759 1599 1816 1668 jana
1829 1598 1926 1656 Filium

1135 1666 1242 1748 videbat
1256 1667 1337 1734 diem,
1352 1667 1561 1737 ostendensque
1577 1681 1657 1723 ocuo
1675 1683 1799 1738 quaerere
1817 1669 1926 1726 deberet

1136 1737 1228 1794 videre
1243 1738 1290 1794 Dei
1305 1739 1449 1805 ιιιιὶιιιειιι,
1465 1739 1526 1810 quia
1547 1738 1653 1794 oculum
1675 1739 1765 1794 carrris
1787 1740 1882 1794 ilrerat
1896 1741 1924 1797 in

1136 1807 1327 1865 lurrnanitatem
1340 1827 1346 1864 ε
1359 1809 1491 1881 Philippo,
1506 1809 1605 1880 inquit,
1624 1810 1668 1879 qai
1681 1825 1720 1865 me
1734 1810 1810 1876 cidit,
1825 1811 1926 1866 virliter

1137 1877 1258 1946 Patrem
1272 1895 1322 1951 ego
1334 1881 1406 1936 enim
1417 1890 1444 1936 ει
1455 1879 1533 1936 Pater
1545 1896 1597 1935 non
1613 1880 1666 1936 duo
1679 1879 1738 1936 dies
1747 1882 1769 1950 ¹,
1780 1882 1830 1937 sed
1847 1897 1923 1938 unus.

1136 1949 1165 2004 Si
1179 1959 1256 2020 potes
1267 1966 1374 2019 capere,
1388 1965 1453 2022 cape
1465 1951 1656 2023 sempiternum
1668 1952 1749 2006 diem.

1172 2020 1284 2076 CAPUT
1296 2021 1340 2076 Vl.
1351 2053 1388 2063 —
1400 2021 1510 2076 Trinitas
1531 2023 1797 2094 incompreheusibilis.
1820 2023 1926 2080 Lumen

1137 2091 1170 2146 dc
1183 2091 1283 2147 lorraine
1295 2091 1348 2148 duo
1361 2108 1458 2149 serrare
1469 2092 1596 2148 ridentur
1609 2093 1746 2148 luminaria
1763 2111 1771 2146 ι
1788 2095 1839 2148 sed
1854 2095 1928 2149 absit

1136 2177 1151 2215 a
1167 2162 1253 2245 nohis,
1267 2179 1300 2218 ne
1313 2177 1363 2220 nos
1375 2178 1450 2220 error
1468 2164 1671 2219 llanichaeornm
1691 2164 1926 2234 comprehendat,

1137 2248 1182 2302 qur
1205 2242 1285 2289 rstum
1305 2233 1390 2291 solem
1409 2235 1543 2291 aestimant
1564 2233 1766 2291 esseGlrristum
1783 2235 1859 2289 :sed
1875 2251 1927 2291 nos

1137 2305 1220 2359 solem
1234 2305 1343 2374 justitiae
1357 2305 1492 2360 credimus
1502 2305 1620 2361 Verbum
1641 2305 1744 2371 Patris,
1759 2306 1927 2375 inseparabi-

1137 2374 1200 2458 lem,
1215 2376 1355 2446 aequalem,
1370 2391 1430 2432 cum
1443 2376 1521 2431 Patre
1533 2387 1696 2442 manentem,
1708 2384 1735 2430 et
1750 2377 1844 2430 orrrrria
1865 2392 1925 2431 cum

1137 2445 1184 2499 rllo
1197 2445 1237 2501 dis
1274 2456 1381 2503 nentem
1394 2465 1401 2503 :
1415 2446 1522 2503 Patrem
1570 2446 1691 2502 rFilium
1709 2448 1801 2502 omnia
1820 2447 1923 2502 facien·

1138 2524 1208 2580 tem,
1238 2518 1359 2599 ιιιιιιίιιιιι
1374 2516 1466 2572 mundi
1479 2533 1528 2600 per
1562 2519 1655 2573 erbum
1670 2532 1749 2572 suum
1761 2527 1923 2574 construen-

1138 2596 1202 2654 tem,
1214 2587 1310 2644 l'rhum
1322 2587 1356 2644 ad
1367 2603 1416 2644 nos
1427 2597 1579 2644 venientem
1592 2630 1599 2654 ,
1617 2603 1667 2643 nec
1676 2587 1784 2646 Patrem
1795 2589 1924 2646 deseren-

1138 2666 1203 2727 tem,
1221 2673 1329 2730 semper
1345 2675 1407 2714 cum
1422 2659 1477 2723 illo,
1487 2673 1617 2730 numnam
1629 2660 1760 2725 sinelllo;
1771 2659 1926 2716 illuminan-

1138 2737 1201 2794 tem,
1216 2730 1289 2785 etde
1307 2745 1338 2786 se
1356 2740 1384 2786 et
1403 2730 1438 2787 de
1460 2730 1507 2786 illo
1530 2731 1735 2799 splendentem,
1757 2731 1921 2798 radiantem,

1136 2809 1320 2856 coruscantem
1332 2820 1340 2856 r
1351 2816 1405 2857 non
1424 2801 1477 2857 duo
1490 2801 1644 2866 luminaria,
1662 2802 1711 2858 sed
1726 2817 1809 2856 unum
1823 2801 1922 2857 lumen.

1137 2867 1194 2952 lfqo
1206 2871 1277 2925 enim
1290 2912 1299 2940 ,
1311 2872 1357 2939 ait,
1369 2882 1393 2926 et
1404 2871 1483 2927 Pater
1499 2889 1577 2927 acram
1596 2889 1683 2927 sanarer
1701 2871 1757 2943 (fd.
1772 2889 1800 2939 x,
1814 2871 1875 2937 50).
1890 2873 1923 2928 lle

1137 2955 1195 3011 apso
1206 2940 1294 2997 Verbo
1307 2943 1442 3014 unigenito
1452 2944 1489 2997 ait
1500 2945 1627 3013 propheta
1639 2943 1722 2998 David
1735 2961 1743 2996 ε
1758 2943 1847 2998 Semel
1857 2944 1923 2998 tam-

1136 3018 1176 3066 tar
1190 3023 1226 3067 est
1235 3011 1316 3079 Deua,
1327 3015 1379 3069 duo
1388 3016 1442 3069 ltoec
1454 3015 1539 3068 audiri
1550 3011 1634 3086 terat.
1647 3030 1700 3080 ext,
1717 3012 1772 3084 12).
1786 3014 1923 3082 Quomodo

1136 3084 1220 3139 semel
1234 3085 1338 3140 locutus
1353 3093 1394 3141 est
1407 3087 1486 3150 Deus,
1501 3094 1529 3140 et
1540 3083 1658 3140 securrdo
1675 3085 1780 3150 sonuit;
1799 3085 1851 3139 nisi
1865 3085 1922 3154 qnia

1139 3153 1253 3209 Verbum
1269 3155 1510 3228 intransgressibile
1526 3155 1673 3226 procedens
1686 3155 1720 3211 de
1734 3156 1816 3211 corde
1826 3155 1920 3222 Patris,

1136 3227 1254 3295 suscepit
1265 3241 1391 3295 earnem,
1410 3235 1439 3282 ut
1457 3233 1529 3282 esset
1541 3225 1639 3292 honio,
1661 3242 1694 3282 ex
1716 3235 1794 3282 utero
1814 3228 1922 3282 staats-isi

1138 3295 1226 3363 Venit,
1240 3305 1268 3353 et
1280 3299 1378 3352 mansit
1392 3315 1399 3352 ι
1413 3297 1445 3352 ad
1455 3311 1504 3352 nos
1516 3298 1598 3363 venit,
1609 3307 1663 3352 eta
1674 3297 1752 3352 Patre
1766 3313 1822 3352 nort
1834 3313 1921 3353 reces-

1136 3365 1264 3448 sit-Ecce
1275 3383 1323 3438 per
1335 3371 1386 3424 hoc
1397 3367 1467 3439 quod
1482 3368 1565 3424 semel
1587 3369 1691 3424 locutus
1710 3376 1752 3424 est
1764 3367 1849 3433 Deus,
1864 3384 1921 3423 sur·

1136 3446 1207 3493 rent
1227 3440 1314 3494 omnis
1335 3438 1433 3494 fabrica
1458 3449 1548 3494 nostra
1563 3457 1570 3492 r
1586 3455 1634 3508 per
1648 3439 1699 3494 hoc
1713 3437 1786 3509 quod
1807 3439 1922 3495 secrrndo

1136 3510 1234 3574 sonuit,
1246 3509 1332 3565 factus
1342 3519 1384 3565 est
1394 3525 1444 3580 pax
1455 3519 1555 3575 nostra,
1565 3518 1595 3564 ut
1603 3511 1720 3565 solveret
1730 3510 1887 3564 inimicitias
1897 3511 1921 3565 in

1135 3593 1217 3638 earne
1228 3582 1238 3654 (
1248 3581 1342 3652 Epher.
1354 3597 1382 3649 n,
1397 3580 1458 3652 ll).
1472 3581 1528 3636 llarc
1542 3580 1669 3646 Verbum,
1686 3580 1739 3635 hoc
1757 3580 1848 3634 Ιιιιιιειι
1871 3596 1922 3636 nou

1136 3652 1282 3721 respiciens
1303 3653 1436 3717 arianus,
1458 3652 1538 3706 audet
1553 3651 1643 3707 dicere
1663 3650 1760 3705 Filium
1779 3652 1920 3719 nrioorem,

1135 3735 1214 3789 quem
1238 3738 1288 3777 ιιοε
1308 3723 1467 3778 confitemur
1480 3723 1609 3792 aequalem
1621 3738 1628 3775 :
1641 3721 1736 3778 insana
1754 3723 1921 3777 contumacis

1134 3791 1192 3848 vult
1209 3792 1244 3848 de
1259 3793 1345 3849 Verbo
1366 3793 1394 3847 in
1413 3792 1494 3849 corde
1516 3793 1602 3848 Patris
1620 3801 1745 3848 manente
1767 3793 1921 3862 disputare,

1134 3877 1195 3944 cnm
1210 3865 1382 3933 semetipsum
1396 3879 1450 3918 non
1460 3864 1548 3918 valeat
1561 3863 1717 3934 intelligere.
1727 3861 1825 3918 losane
1837 3863 1921 3918 haere-

1136 3942 1195 3999 tice,
1212 3935 1286 4004 prius
1299 3935 1357 3990 redi
1371 3935 1404 3990 ad
1420 3942 1462 4000 te,
1480 3935 1620 3990 considera
1635 3943 1662 3990 te
1675 3941 1779 3999 totum,
1801 3934 1826 3988 si
1849 3944 1922 4002 potes

1134 4005 1364 4077 comprehendere
1373 4017 1400 4062 te
1414 4023 1421 4059 ε
1434 4013 1462 4061 ει
1474 4014 1536 4061 turre
1550 4005 1654 4072 disputa
1674 4005 1708 4060 de
1728 4003 1775 4060 illo
1794 4004 1842 4074 qui
1862 4004 1923 4059 feeit

1134 4085 1161 4129 ct
1175 4092 1219 4132 me
1233 4087 1260 4132 ει
1275 4086 1310 4132 te.
1324 4074 1391 4132 Vide
1404 4090 1483 4146 quam
1503 4091 1555 4131 non
1576 4076 1658 4130 altum
1678 4074 1816 4145 sapiebat,
1832 4073 1881 4129 sed
1896 4076 1922 4129 in

1133 4147 1302 4216 simplicitate
1311 4146 1401 4202 cordis
1412 4147 1493 4202 ιιειιιιι
1506 4160 1585 4202 nosse
1595 4147 1729 4216 quaerebat
1740 4146 1784 4199 ille
1798 4144 1919 4211 humilis,

1153 4218 1178 4271 ni
1191 4219 1217 4273 in
1231 4233 1286 4273 ιιιιο
1306 4218 1393 4288 lapide
1410 4218 1552 4287 superbam
1579 4217 1694 4273 frontem
1714 4214 1810 4284 deiecit
1835 4215 1923 4270 Goliae

1132 4231 1165 4358 Vl
1180 4288 1243 4360 fleg.
1255 4304 1319 4358 xrrr,
1331 4287 1365 4342 to
1375 4287 1397 4360 ).
1416 4287 1481 4343 Vide
1494 4302 1573 4358 quam
1595 4303 1648 4342 non
1671 4288 1750 4342 altum
1773 4285 1919 4356 sapiebat:

1132 4361 1311 4415 consideravit
1324 4361 1394 4414 enim
1407 4358 1470 4430 quid
1484 4359 1510 4413 in
1526 4373 1555 4414 se
1567 4358 1627 4429 ipso
1639 4364 1778 4428 ageretur;
1792 4357 1920 4411 conside·

1132 4431 1201 4509 ravit
1212 4432 1329 4485 animam
1342 4445 1429 4494 snam,
1446 4430 1561 4500 inspexit
1572 4443 1650 4484 suam
1663 4428 1800 4489 fabricam,
1817 4426 1921 4482 disens·

1132 4511 1167 4554 ειι
1188 4517 1218 4556 se
1239 4502 1309 4556 intus
1322 4501 1385 4572 qnid
1406 4509 1495 4566 esset,
1511 4510 1538 4555 et
1549 4515 1583 4556 ert
1594 4514 1647 4568 qua
1663 4506 1737 4569 parte
1751 4499 1851 4551 rnolern
1866 4507 1918 4550 tarn

1132 4571 1270 4696 pulchram
1282 4573 1450 4644 gubernaret,
1462 4580 1541 4641 atque
1554 4570 1581 4626 in
1590 4571 1699 4624 vasculo
1711 4568 1785 4623 luteo
1799 4584 1861 4636 quae
1872 4568 1919 4622 ha·

1150 4641 1229 4698 itaret
1243 4643 1350 4698 domina
1363 4641 1465 4707 aninra,
1484 4643 1562 4710 plena
1575 4641 1655 4696 tantis
1670 4639 1806 4695 thesauris
1815 4638 1920 4707 sarphen·

1132 4713 1186 4781 tiae,
1202 4715 1337 4781 scientiae,
1352 4713 1500 4782 prudentiae
1514 4730 1521 4766 a
1533 4711 1579 4766 uhi
1593 4710 1648 4766 illic
1662 4719 1753 4765 εεεειιι
1767 4718 1851 4772 tanta,
1867 4719 1918 4762 tam

1131 4785 1255 4851 pretiosa,
1272 4793 1326 4839 tam
1339 4783 1450 4855 grandia
1466 4800 1473 4836 :
1488 4797 1547 4853 quae
1561 4783 1620 4836 loca
1632 4782 1721 4836 anima
1735 4779 1879 4844 obtineret,
1893 4779 1917 4832 in

1130 4869 1181 4922 qna
1202 4857 1290 4909 nullus
1310 4865 1352 4909 cst
1372 4853 1446 4909 locus
1463 4871 1469 4906 :
1485 4862 1564 4922 atque
1577 4868 1609 4907 ex
1630 4866 1684 4906 uno
1697 4849 1771 4905 fonte
1784 4847 1918 4919 quomodo

1130 4924 1306 4993 procederent
1330 4924 1441 4994 sirrguhu
1467 4925 1579 4978 virtutes
1604 4923 1662 4978 siue
1687 4921 1865 4976 diminutione
1891 4927 1918 4973 ct

1129 4997 1250 5051 exeuntis
1258 5004 1286 5050 et
1297 4995 1490 5065 profundentis.
1500 4993 1572 5048 Vidit
1584 4993 1652 5059 haec,
1661 4992 1842 5047 consideravit
1853 4990 1917 5052 lraec,

1129 5067 1210 5121 volarit
1224 5083 1273 5121 nec
1287 5063 1799 5135 valuiteomprehendere,exclamavit¹
1813 5063 1867 5117 Deo
1876 5061 1918 5115 tli-

1128 5151 1211 5193 cens:
1226 5137 1363 5262 dfimlfcuta
1379 5146 1416 5190 eat
1438 5136 1541 5192 sclerrtr'o
1552 5143 1596 5188 tua
1605 5151 1636 5189 ea
1645 5149 1700 5196 rare:
1708 5133 1827 5200 inuoluit,
1838 5143 1862 5186 et
1870 5147 1918 5194 rrqn

1128 5219 1215 5278 potero
1227 5210 1261 5262 arf
1273 5210 1281 5262 i
1294 5209 1346 5263 farn
1360 5209 1370 5278 (
1383 5206 1454 5262 Paul.
1471 5220 1596 5270 cxxxvrn,
1611 5204 1659 5278 6).
1674 5204 1730 5260 lloc
1745 5203 1796 5258 fuit
1810 5204 1917 5264 dicere,

1127 5280 1240 5347 erorrdo
1254 5289 1280 5334 te
1293 5293 1401 5347 possum
1412 5276 1641 5347 comprehendere
1653 5285 1707 5330 ιιιιι
1722 5289 1861 5344 magnum,
1875 5273 1918 5342 qui

1127 5351 1270 5420 meipsum
1286 5365 1338 5404 non
1354 5349 1429 5404 valeo
1440 5349 1573 5418 explicare
1585 5358 1734 5402 extremum
1748 5356 1775 5401 et
1790 5335 1918 5410 parsurm

1128 5421 1221 5476 Videte
1234 5429 1262 5477 et
1274 5421 1355 5476 alium
1371 5419 1496 5474 liuntilenr
1509 5419 1689 5488 requirentem
1703 5416 1841 5471 rrrndulum
1864 5429 1917 5469 saa

1127 5492 1306 5557 infirmitatis,
1321 5499 1349 5546 et
1367 5506 1421 5544 non
1435 5488 1627 5555 excedentem,
1642 5488 1689 5543 sed
1704 5487 1738 5541 ad
1752 5485 1863 5540 honrilia
1878 5485 1918 5539 in-
2015 5486 2016 5493 ’

1126 5563 1268 5620 clinanlem
1281 5580 1288 5617 :
1302 5562 1421 5629 dreoom,
1434 5561 1527 5630 iuquit,
1538 5560 1629 5629 rororis,
1645 5569 1667 5613 et
1677 5559 1770 5629 placito
1782 5567 1880 5628 guttas,
1895 5561 1917 5612 ol
2015 5610 2016 5613 ,

1157 5696 1246 5748 ¹slias
1257 5695 1296 5747 hic
1307 5702 1334 5746 et
1344 5701 1382 5747 ter
1399 5694 1595 5758 insequentibus
1604 5691 1677 5744 lineis
1686 5705 1739 5756 pro,
1752 5691 1827 5753 diem,
1838 5689 1917 5740 habe·

1116 5769 1174 5855 ωε,
1183 5768 1308 5882 mg&
1537 5817 1540 5820 ἢ
2015 5754 2016 5783 ι

1157 5881 1400 5946 ⁸stetissatedltl,
1411 5877 1853 5947 mimeemeeemeeataama.
