4034 6334
242 316 295 376 ras
326 295 328 300 '
667 309 1016 372 commorerentur
1033 309 1224 393 mmmm,
1822 316 1878 376 nn

243 435 375 494 recondite
391 433 472 492 millio
493 432 715 490 innumerabilium
732 439 762 518 et
776 429 958 486 immensorum
976 427 1034 483 lbra
1089 431 1273 501 cognitionem
1287 431 1416 502 insinual,
1430 431 1479 492 sed
1497 431 1680 493 credulitatem
1703 429 1807 489 suadet.
1826 431 1879 490 Cui

240 545 388 585 merorum
411 524 474 600 lpse
494 541 552 582 uero
571 524 696 580 Peterin
715 537 762 577 sne
781 520 857 576 lende
879 519 1033 593 moedpuus,
1089 524 1209 596 quisquis
1235 532 1339 584 temere
1362 530 1545 601 consenserit,
1566 531 1727 589 blanicbaeus
1746 533 1877 604 elicitum

242 620 416 694 nmpniteuline
440 615 715 691 incomprenensibilis,
741 612 861 686 copulato
884 610 957 668 iubet
985 611 1036 667 sibl
1089 631 1142 672 non
1155 625 1229 675 certa
1242 620 1438 691 cognoscendo,
1453 621 1770 693 sedincertacredendo;
1784 629 1880 696 quales

242 712 316 768 iente
329 721 353 768 et
366 711 479 784 pleniore
492 709 596 777 meum,
609 723 689 778 neque
705 721 818 774 numne,
830 721 908 774 nenne
927 703 1036 776 prolim-
1066 733 1072 742 ·
1088 723 1139 765 nos
1152 709 1292 783 imperitos
1308 713 1520 772 adolescentulos
1540 716 1683 788 aliquando
1695 717 1809 790 decepit.
1822 719 1862 775 ibe

242 805 532 874 ceremoniarum
541 801 630 875 nullut
642 799 710 855 t'dlm
722 806 824 854 libelii
839 807 914 869 atque
927 797 1035 852 inmiti·
1087 803 1146 861 buit
1155 821 1219 878 ergo
1231 823 1285 863 non
1305 809 1382 865 nobis
1401 809 1523 881 polliceri
1535 811 1682 877 scientiam,
1693 827 1780 883 neque
1791 814 1879 870 mani·

242 897 323 954 Peter
338 906 362 954 rt
383 899 481 970 penitor
493 895 569 968 dreit,
584 891 654 950 nullo
674 895 702 948 in
720 892 803 966 renale
825 893 879 963 ejus
892 890 1034 962 tonnulae
1087 895 1182 954 iestam
1196 901 1385 974 cognitionem,
1401 919 1488 975 neque
1501 905 1535 960 ad
1547 904 1574 960 id
1585 904 1656 977 quod
1671 905 1881 978 mimitemelae

219 999 287 1046 -uut
301 991 481 1062 indipenteout
494 986 753 1057 infirmomnrlilnto.
766 982 811 1039 lto
829 983 1033 1054 outemlunulotu
1086 988 1140 1045 ulia
1162 992 1333 1064 ambiguitate
1361 997 1580 1066 perventionem
1605 997 1652 1054 sed
1676 997 1768 1055 dicere
1787 1001 1879 1071 potius

242 1093 302 1142 runt
320 1084 432 1157 ejusden
451 1079 656 1153 splendidissimo
677 1093 755 1151 repre
775 1093 854 1150 supro
877 1075 988 1132 luridum
1007 1083 1032 1130 el
1086 1079 1136 1136 sibi
1149 1080 1199 1137 ista
1211 1097 1271 1140 esse
1284 1093 1442 1153 monstrata,
1455 1088 1613 1144 iiiosautem
1626 1089 1723 1160 ouibus
1733 1101 1880 1150 narramur

220 1199 222 1204 v
243 1179 341 1233 bertum
351 1185 453 1242 tenum
463 1183 492 1228 ut
508 1173 606 1230 anullo
618 1187 730 1245 unquam
741 1179 787 1227 out
804 1170 898 1228 mmeri
917 1175 1032 1225 auteon-
1085 1170 1195 1228 credere
1206 1172 1259 1230 sibi
1270 1174 1439 1250 debereque
1455 1180 1585 1236 nesciunt.
1598 1179 1650 1236 Sed
1665 1181 1688 1236 si
1699 1181 1750 1239 boc
1762 1179 1876 1250 diceret,

240 1271 293 1325 ruti
307 1269 413 1342 possint.
1085 1264 1144 1336 quis
1156 1256 1209 1322 non
1223 1269 1249 1325 ei
1261 1271 1446 1341 responderet,
1461 1273 1490 1328 si
1501 1288 1567 1345 ergo
1581 1274 1714 1346 incognita
1727 1275 1879 1334 crediturus

274 1361 319 1416 i'l.
339 1360 402 1416 liaeo
420 1359 487 1416 mibi
506 1358 578 1416 unde
599 1359 759 1431 probaturus
772 1365 825 1425 est,
839 1361 885 1412 aut
902 1354 960 1412 baeo
973 1355 1032 1428 ipsc
1084 1372 1154 1427 sum,
1167 1375 1215 1416 cur
1228 1377 1282 1418 non
1292 1378 1324 1418 ea
1335 1365 1424 1434 potius
1436 1366 1554 1433 credam,
1565 1382 1625 1437 que
1632 1365 1687 1438 jam
1699 1368 1877 1425 consensione

238 1451 310 1508 unde
328 1453 471 1525 cognouit?
491 1451 550 1508 Noli
571 1441 615 1508 me
636 1458 738 1508 terrere
761 1449 890 1506 Paracleti
911 1448 1030 1506 nomine.
1083 1451 1223 1511 doctorum
1240 1455 1461 1530 indoctorumque
1475 1445 1656 1526 celebrantur,
1671 1467 1700 1517 et
1721 1476 1770 1532 per
1780 1477 1877 1520 ornnes

238 1545 339 1615 Primo,
351 1547 411 1618 quia
425 1561 478 1602 non
498 1545 607 1602 credere
620 1543 763 1616 incognita,
778 1543 825 1600 sed
841 1551 914 1599 certa
932 1556 1032 1614 cogno·
1068 1547 1361 1620 'populosgrarissima
1374 1553 1531 1610 auctoritate
1544 1554 1647 1611 irmata
1659 1557 1741 1613 sonti
1759 1556 1816 1613 iioe
1829 1557 1877 1615 ille

222 1667 226 1674 <
238 1654 315 1697 scere
334 1641 442 1706 accessi,
457 1638 560 1695 anobis
573 1637 636 1708 ipsis
651 1638 735 1694 lactus
751 1635 877 1692 timidior.
891 1635 947 1694 nos
958 1635 1031 1694 enim
1082 1647 1203 1696 metuens
1213 1657 1247 1697 ne
1261 1641 1311 1698 sibi
1325 1643 1468 1711 diceretur,
1479 1643 1593 1702 oliundit
1601 1647 1713 1704 nebulas
1725 1648 1874 1719 imperitis:

238 1731 451 1798 obsistentem
471 1730 733 1802 credentibusquam
749 1728 921 1786 vehementer
943 1727 1029 1785 insul·
1082 1730 1198 1802 primurn
1216 1734 1348 1805 pollicens
1370 1752 1460 1794 rerum
1483 1747 1617 1796 certarum
1639 1741 1826 1812 cognitionem,
1847 1750 1878 1799 et

235 1830 294 1880 tare
314 1824 441 1881 soleatis:
458 1823 606 1894 presertim
629 1837 689 1878 cum
715 1821 784 1892 ipse,
807 1820 852 1892 qui
871 1820 927 1892 jam
948 1821 1030 1891 coepit
1082 1829 1174 1893 postes
1189 1823 1497 1898 incertarumimperans
1510 1827 1663 1887 ddcm.Cui
1677 1840 1765 1886 tamen
1780 1833 1803 1886 si
1820 1832 1875 1888 boc

235 1915 337 1971 ineerta
350 1914 588 1985 narrat,plenam
607 1926 639 1970 ao
659 1909 764 1970 irmam
786 1911 924 1969 scientiam
949 1912 1030 1984 paulo
1081 1912 1195 1984 dieitur,
1205 1923 1235 1972 ut
1246 1917 1341 1974 saltem
1353 1919 1396 1974 uel
1406 1919 1456 1975 sibi
1466 1919 1524 1975 baee
1536 1919 1630 1976 docent
1641 1935 1702 1976 esse
1712 1929 1872 1990 monnrata,

235 2018 298 2065 ante
314 2008 474 2080 promiserit.
1081 2005 1205 2063 similiter
1217 2008 1327 2078 delicit,
1347 2019 1376 2067 et
1393 2011 1445 2068 boc
1464 2027 1570 2085 quoque
1583 2021 1613 2068 ut
1625 2013 1765 2070 credamus
1785 2013 1874 2084 iubet.

272 2101 384 2160 CAPUT
403 2101 473 2159 xlv.
492 2133 528 2144 -
546 2100 718 2158 Pellieebolnr
739 2117 824 2156 rerum
837 2107 962 2155 catenum
983 2115 1028 2154 co·
1081 2097 1147 2166 Quis
1167 2099 1234 2156 ierat
1257 2110 1357 2158 tanum
1381 2102 1510 2160 laliaciam
1534 2111 1687 2176 unumque
1700 2105 1876 2184 surperbiami

235 2195 383 2269 petitionem,
397 2203 421 2250 el
434 2195 539 2266 imperet
556 2195 709 2249 incertarum
730 2192 816 2263 fidem.
839 2191 951 2258 Deinde,
963 2205 1029 2262 quo-
1115 2190 1230 2249 curui
1247 2191 1306 2248 XV.
1321 2224 1359 2234 -
1377 2194 1421 2251 ill.
1442 2193 1503 2250 Non
1516 2196 1600 2250 solunt
1611 2196 1718 2265 incerte,
1732 2195 1778 2253 red
1797 2198 1875 2253 eliam

236 2288 308 2342 niam
331 2287 354 2342 si
369 2285 434 2342 mibi
447 2285 515 2342 lides
534 2285 687 2357 imperanda
704 2293 754 2348 est,
767 2285 850 2356 magis
867 2299 910 2339 me
925 2290 1027 2342 teneret
1080 2284 1149 2355 sulse
1160 2301 1215 2340 erre
1226 2302 1285 2358 oure
1297 2287 1383 2342 nodi.
1409 2287 1611 2344 deliramentum
1623 2289 1655 2343 de
1668 2297 1736 2344 terre
1757 2297 1781 2344 el
1801 2299 1875 2362 pente

236 2375 281 2432 illa
294 2375 441 2448 Scriptura,
454 2377 498 2432 ubi
513 2378 582 2448 lego,
597 2377 703 2433 venisse
716 2375 844 2447 Spiritum
854 2383 985 2444 sarnetum,
1001 2383 1029 2432 et
1081 2379 1238 2434 terrenorum
1247 2381 1324 2452 jusu
1337 2380 1404 2436 letus
1416 2390 1489 2437 terre
1501 2391 1636 2436 sanceore
1649 2380 1795 2438 submontioe
1813 2381 1871 2438 Dei.

235 2468 379 2538 Apostolos
391 2469 536 2546 inspirasse
549 2468 616 2543 (Act.
630 2484 659 2538 ιι,
676 2467 746 2540 i-l),
759 2467 925 2538 quibuscum
939 2467 1029 2524 Domi-
1082 2471 1233 2542 &aluntur
1253 2473 1345 2542 ριὶιιιο,
1365 2473 1426 2543 puio
1449 2483 1547 2529 notura
1569 2473 1618 2528 liei
1640 2481 1725 2545 portes
1748 2482 1772 2528 et
1794 2473 1874 2529 blan

237 2573 288 2614 nus
300 2572 330 2616 se
341 2559 485 2616 missurum
498 2574 559 2616 esse
576 2559 732 2630 promiserat
746 2557 833 2632 (loon.
847 2574 904 2628 nur,
916 2559 960 2628 lo,
968 2555 1027 2633 26).
1082 2562 1167 2616 tribuit
1182 2571 1300 2633 tanquam
1311 2579 1358 2618 sun
1379 2563 1445 2618 mole
1463 2579 1508 2635 per
1520 2564 1632 2618 locorum
1649 2563 1733 2635 spotia
1745 2564 1874 2620 distendu-

237 2651 415 2724 Quapropter,
432 2660 477 2710 aut
488 2668 520 2710 ea
536 2667 596 2725 quae
606 2652 681 2721 dicit,
694 2651 777 2723 proba
794 2651 860 2708 mibi
879 2668 941 2710 vera
955 2667 1026 2722 esse,
1082 2663 1132 2710 tur.
1147 2653 1227 2723 Quid,
1243 2655 1265 2710 si
1279 2670 1333 2711 non
1351 2656 1438 2712 solum
1449 2656 1561 2723 incerta,
1575 2655 1622 2712 sed
1637 2657 1717 2713 etiarn
1732 2657 1798 2714 laisa
1810 2673 1873 2718 esse

237 2753 267 2800 ut
279 2745 404 2801 ostendas
419 2761 478 2816 qua
492 2761 544 2802 non
564 2761 673 2817 possum
700 2745 827 2813 credere;
848 2753 893 2802 aut
908 2761 968 2802 eum
982 2747 1029 2818 qui
1080 2763 1141 2820 quae
1160 2748 1235 2813 dicit,
1256 2748 1312 2804 ibeo
1327 2747 1361 2806 'et
1379 2749 1494 2805 Domino
1520 2758 1612 2806 nostro
1636 2750 1703 2806 mibi
1728 2750 1874 2822 opitulante

237 2835 313 2907 dicit,
326 2836 412 2908 proba'
428 2837 493 2893 mibi
511 2837 640 2908 Spiritum
653 2845 773 2894 sanetum
792 2851 863 2905 esse,
878 2845 908 2893 ut
920 2837 1028 2894 credam
1080 2840 1286 2897 monstravero?
1306 2839 1375 2910 Quid
1399 2841 1534 2898 inleiicius
1548 2843 1599 2898 ista
1620 2844 1808 2915 superstitione
1828 2844 1873 2901 in·

236 2941 297 2998 quae
319 2941 372 2982 non
395 2937 471 2998 potes
492 2926 645 2984 ostendere.
661 2927 718 2998 Ego
740 2941 855 2998 namque
870 2926 1029 2984 catholicam
1080 2933 1166 2989 ueniri
1180 2941 1277 3004 potest,
1292 2948 1352 3004 que
1363 2948 1418 2989 non
1436 2934 1517 2989 modo
1529 2949 1583 2990 noo
1604 2935 1715 2992 exbibet
1733 2936 1873 2992 seientiam

237 3019 318 3076 iidem
330 3019 468 3091 profiteor,
482 3028 509 3076 et
528 3019 658 3092 perillam
672 3017 762 3075 mend
779 3017 1028 3074 certamseientiam
1081 3039 1160 3095 quam
1182 3023 1314 3095 promittit
1332 3031 1412 3095 atum
1431 3025 1582 3093 ueritatem,
1604 3025 1658 3106 sed·
1675 3041 1707 3083 ea
1728 3025 1793 3082 dicit
1813 3041 1874 3099 que

237 3123 427 3184 perventurum
452 3127 512 3168 esse
535 3127 667 3184 praesumo
691 3129 698 3167 τ
724 3119 753 3166 lu
775 3125 855 3179 vero,
880 3109 926 3182 qil
948 3110 1028 3166 sidem
1080 3115 1255 3173 vehementer
1263 3124 1326 3171 suut
1335 3116 1452 3172 scientiae
1464 3117 1781 3193 veritatiqueconlrarial
1796 3117 1874 3186 Quod

237 3219 326 3264 meam
348 3207 506 3264 labelaotare
527 3207 641 3272 conaris,
660 3213 761 3262 certam
784 3204 920 3261 scientiam
942 3203 1028 3273 trade,
1080 3207 1109 3264 in
1127 3207 1300 3278 mouentibus
1311 3206 1479 3264 manifestius
1491 3209 1638 3280 apparebit.
1653 3209 1693 3266 lta
1704 3211 1776 3265 enim
1791 3209 1872 3267 dicit:

236 3298 260 3354 si
274 3307 365 3370 poles3
381 3309 411 3356 nt
427 3299 454 3356 id
474 3298 546 3373 quod
558 3297 675 3368 credidi,
696 3307 796 3354 temere
819 3311 862 3354 me
882 3297 1029 3354 credidisse
1080 3298 1162 3356 lustu
1182 3316 1260 3354 unone
1281 3315 1339 3355 nero
1361 3309 1459 3372 portem
1486 3317 1516 3354 oe
1537 3301 1605 3356 letus
1625 3302 1731 3356 illustris
1750 3300 1822 3357 illius
1842 3317 1875 3356 or

237 3394 392 3450 convincas.
409 3395 541 3450 buosunt
554 3409 614 3466 quas
635 3391 700 3448 mibi
722 3392 825 3463 prolem
841 3409 848 3446 :
863 3406 947 3448 unum
967 3405 1030 3447 cum
1080 3399 1176 3446 senetur
1194 3399 1266 3446 terre
1291 3398 1345 3446 erut
1363 3391 1521 3446 tenebrarum
1539 3400 1607 3446 terro
1629 3391 1757 3465 promens
1777 3401 1803 3447 et
1823 3393 1874 3446 inr-

237 3483 306 3542 dicis
318 3484 445 3554 Spiritum
456 3495 576 3542 sanmum
590 3484 705 3556 essequi
718 3483 852 3555 loquitur;
866 3491 893 3539 ct
904 3483 1028 3551 alterurn,
1081 3501 1168 3540 mense
1181 3484 1364 3556 mupnitueline,
1379 3485 1407 3539 in
1419 3499 1469 3555 ouo
1490 3483 1651 3540 bubimbont¹
1663 3486 1738 3556 ipneu
1754 3501 1873 3556 corporo,

234 3577 518 3634 cumdicismanilcsta
528 3577 1031 3651 essequeioquitur.lltrumqueabsle
1082 3593 1173 3648 pennu
1191 3576 1286 3632 scilieet
1298 3575 1427 3647 pesilera
1449 3575 1499 3630 llic
1518 3577 1626 3645 infinite
1646 3576 1763 3644 mamre,
1778 3592 1811 3632 er
1831 3592 1875 3633 eu·

236 3669 296 3726 siue
306 3670 357 3725 ulla
367 3669 698 3743 dubitationeoognoscere
711 3671 790 3727 debui
804 3688 812 3725 :
828 3670 875 3728 sed
894 3687 948 3728 non
971 3685 1030 3727 sum
1082 3669 1284 3724 denumerantes
1295 3676 1389 3723 notura
1406 3668 1602 3733 inestimabiles,
1615 3683 1673 3722 eurn
1691 3668 1801 3741 propriis
1813 3668 1874 3740 feti·

237 3776 434 3831 arumnorum
444 3761 1030 3838 borumdoee.0stendebuncessespiritum
1058 3752 1063 3760 ’
1083 3759 1152 3816 bur:
1173 3760 1243 3815 ultro
1262 3776 1325 3832 quur
1342 3767 1497 3825 aeulww
1508 3775 1613 3814 ioetlw
1634 3775 1665 3812 ⁰0
1685 3759 1794 3814 turbide
1814 3775 1875 3814 cvm

237 3863 359 3910 mactum
372 3895 380 3921 ,
394 3863 422 3912 et
440 3854 548 3911 credam
564 3870 696 3914 veraesse
708 3871 768 3928 que
782 3855 968 3926 dicil,etiamsi
983 3871 1031 3914 ne-
1082 3851 1135 3908 tut't
1157 3850 1384 3915 inhabitatoribus,-
1404 3867 1513 3923 mmm
1532 3851 1638 3905 inerim
1657 3852 1724 3905 renti
1742 3850 1875 3905 banniles

236 3944 826 4018 sciam:autostendcvcraessequsedicitet
834 3947 940 4005 credam
950 3946 1031 4020 Spiri-
1081 3960 1113 3999 ιιι
1125 3945 1279 4001 venementer
1290 3959 1349 3999 curn
1360 3959 1406 3999 sue
1425 3944 1571 4016 principare
1582 3943 1746 4017 uerberibus.
1760 3943 1875 4001 Rursum

236 4039 295 4090 tum
310 4046 432 4094 mactum
447 4053 518 4108 esse,
532 4037 636 4094 etiamsi
648 4039 778 4096 nesciam.
789 4039 921 4110 Numquid
928 4041 1031 4112 aquius
1081 4036 1151 4110 renio
1169 4037 1243 4110 ipneu
1260 4045 1285 4092 et
1300 4034 1470 4108 coruptibilis
1491 4053 1549 4092 rum
1559 4037 1731 4092 menenius
1752 4037 1874 4092 enutio·

215 4183 218 4189 ,
236 4126 633 4202 amoeneuoiennusteeomsgi
646 4130 812 4201 polestiSed
823 4132 1031 4189 tuoecbocuec
1082 4127 1238 4184 nibisi’uri
1247 4129 1536 4200 moreianorrumpenr
1545 4127 1777 4201 mbpimrnclurni
1786 4131 1873 4199 pirano,

236 4217 301 4274 iilud
315 4219 388 4275 uoles
400 4220 552 4278 ostendere.
566 4219 637 4278 Nihil
649 4220 721 4277 aliud
729 4221 849 4294 elegisti,
861 4222 912 4279 nisi
923 4223 1031 4280 laudare
1082 4221 1110 4275 in
1123 4235 1173 4290 qun
1194 4221 1339 4274 morobmur
1362 4219 1480 4274 immonis
1501 4220 1618 4292 pnnmps
1640 4220 1753 4276 omnium
1771 4231 1794 4275 ιι
1808 4220 1873 4289 dun,

238 4311 310 4382 quod
324 4313 420 4382 credis,
432 4321 459 4371 et
470 4313 582 4370 irridere
591 4314 661 4386 quod
673 4314 763 4370 eredo.
775 4315 843 4371 cun
858 4316 939 4387 igitur
948 4317 1029 4373 etiarn
1083 4309 1179 4365 dalem
1198 4309 1267 4364 cirta
1285 4325 1313 4364 ιθ
1328 4308 1521 4365 innumerabile·
1544 4310 1680 4382 effuderi.
1700 4327 1807 4382 numm
1820 4327 1877 4366 om·

239 4417 289 4476 ego
311 4405 430 4462 uicissim
455 4405 597 4461 laudavero
617 4404 688 4477 quood
703 4406 794 4474 eredo,
810 4414 837 4463 et
858 4406 930 4478 quod
942 4407 1031 4464 credis
1082 4403 1154 4457 niurn
1166 4402 1222 4471 ipre
1232 4410 1368 4456 manmena
1379 4409 1454 4473 moue
1466 4401 1557 4474 oripo:
1568 4402 1765 4474 nemetensem
1776 4411 1876 4458 nmurre

237 4496 366 4564 irrisero;
387 4498 449 4569 quid
470 4507 546 4568 putas
566 4497 643 4554 uobis
657 4512 717 4555 esse
733 4497 915 4569 iudicandum,
933 4498 1031 4570 quidne
1082 4493 1275 4564 quinquereme
1289 4492 1425 4564 pestifere.
1983 4567 1990 4578 ,

237 4589 400 4660 laciendum,
416 4591 467 4648 nisi
480 4601 569 4648 utens
589 4591 780 4662 relinquamus,
795 4592 841 4664 qni
854 4606 904 4648 nos
918 4592 1032 4648 inritant
1117 4585 1163 4642 2⁰.
1183 4584 1213 4642 Si
1234 4585 1336 4641 aerium
1350 4585 1486 4641 ueletiam
1507 4584 1645 4641 aetherium
1663 4599 1761 4657 corpus
1773 4585 1877 4642 diceret

237 4693 313 4740 certa
322 4698 493 4756 cognoscere,
507 4691 535 4740 et
554 4692 645 4754 postea
664 4683 795 4755 imperant
811 4692 840 4740 ut
854 4684 954 4740 incerta
968 4663 1030 4741 cre·
1082 4690 1144 4734 esse
1155 4685 1277 4732 nstnmm
1296 4676 1354 4742 bei,
1373 4675 1494 4746 ili⁰sbli⁰
1515 4674 1672 4767 irrideretur
1691 4677 1725 4733 δῦ
1739 4677 1874 4746 omnibus,

240 4777 351 4844 damus;
365 4785 450 4835 eleos
462 4792 614 4850 monemur,
633 4778 678 4850 qui
696 4791 746 4834 nos
757 4777 870 4834 inuitant
886 4779 959 4850 prius
971 4793 1031 4835 cre·
1082 4768 1128 4838 qui
1139 4767 1277 4839 ”liessfiae
1289 4767 1464 4838 Viriliiiiiue
1478 4776 1599 4822 ”iim
1612 4782 1661 4839 Ρθῑ
1671 4767 1743 4823 ”⁰¹¹²
1752 4767 1875 4823 ¹⁰0⁰i¹¹¹¹¹

239 4869 314 4939 dere,
324 4869 396 4942 quod
415 4869 534 4926 nondum
551 4870 672 4927 valemus
689 4869 796 4936 intueri,
809 4877 839 4925 ut
850 4871 906 4942 ipsa
918 4868 1031 4926 lideva·
1083 4859 1168 4930 iiiiii
1181 4858 1324 4914 diilessiiffl
1337 4865 1417 4928 atque
1435 4857 1568 4927 diffidam.
1582 4858 1640 4915 ⁵5⁰0
1658 4859 1713 4915 ⁰¹¹³
1730 4860 1803 4915 ”¹⁰¹0
1815 4873 1875 4914 Μ·

239 4962 368 5022 rannone
381 4963 454 5033 laen,
466 4963 539 5035 quon
557 4963 691 5020 erminus
702 4961 850 5034 iniungere
867 4947 1028 5030 mereamor,
1083 4967 1162 5024 eoam
1176 4961 1204 5007 et
1224 4950 1402 5022 sangninem,
1422 4966 1473 5007 nee
1495 4952 1523 5007 tn
1545 4960 1621 5022 pane
1642 4952 1785 5019 minoren.
1800 4958 1828 5007 er
1847 4951 1875 5008 n

237 5055 359 5127 uoniam
377 5055 539 5125 bominibus,
554 5054 602 5112 sed
623 5055 682 5126 ipso
701 5055 757 5110 ileo
775 5054 935 5112 intrinsecus
955 5069 1032 5110 meo·
1083 5049 1160 5113 biiie
1171 5042 1310 5114 m³i⁰i0¹¹b
1325 5042 1373 5098 sid
1387 5057 1435 5114 per
1448 5043 1537 5098 ‘imni’
1551 5042 1682 5114 aell¹¹l¹l³¹¹¹
1697 5057 1801 5099 ΝΜΟ
1821 5041 1875 5097 Pi·

238 5153 293 5204 tem
307 5155 425 5204 nostram
437 5147 606 5205 illuminante
618 5157 698 5218 atquc
712 5145 854 5202 linnanlei
1025 5155 1029 5164 ·
1082 5138 1129 5204 tri,
1142 5151 1192 5192 nec
1205 5135 1276 5191 aliud
1288 5134 1430 5191 habentem
1444 5134 1524 5190 bicel
1536 5134 1608 5191 aliud
1628 5135 1703 5203 alibi,
1715 5134 1762 5191 sed
1775 5134 1876 5206 ubique

237 5278 239 5286 .
274 5240 319 5298 rs.
340 5240 375 5297 ns
395 5241 646 5316 montemaureum
666 5241 736 5297 unua
752 5241 818 5296 munt
840 5241 945 5312 pronos,
959 5255 1031 5299 nune
1084 5229 1224 5299 intestam.
1240 5227 1338 5298 unique
1355 5235 1515 5297 presentem
1536 5226 1723 5298 qualicumque
1741 5225 1800 5283 aare
1819 5228 1875 5298 pm

237 5347 331 5405 quero
349 5333 420 5390 undo
434 5335 491 5407 ipse
505 5331 668 5407 cognoverit.
687 5333 717 5391 Si
729 5332 794 5390 dicit
813 5333 864 5389 sibi
882 5348 942 5390 esse
954 5349 1032 5390 reue·
1084 5321 1229 5378 Βθῑθῐιῑθΐῑθ
1240 5322 1337 5376 mentis
1350 5319 1449 5376 intueri
1463 5319 1564 5376 bilem·

237 5424 353 5481 latuma
371 5423 471 5495 Spiritu
493 5435 596 5496 monto,
616 5441 746 5498 suamque
767 5433 883 5482 mentem
905 5424 1032 5484 divinitus
1118 5410 1231 5469 CAPUT
1249 5409 1320 5466 ffl·
1339 5441 1376 5452 ··
1392 5410 1511 5466 Alfium
1524 5412 1618 5483 ipsum,
1632 5410 1877 5479 maenubam,

238 5517 410 5585 illustratam,
425 5525 456 5574 ut
475 5533 508 5575 ea
528 5535 588 5590 quae
607 5519 682 5589 dicit,
696 5527 768 5575 certa
785 5525 813 5573 et
826 5516 967 5576 manifesta
983 5532 1031 5574 co-
1084 5521 1130 5578 Μ
1148 5503 1231 5574 spatio
1252 5502 1365 5557 Μ
1385 5517 1437 5557 ”ili
1459 5502 1579 5558 limi·
1602 5501 1673 5557 Nem
1686 5510 1739 5557 ‘⁰¹⁶
1760 5503 1836 5557 '‘iil'‘
1848 5502 1877 5559 ⁵¹¹

239 5619 399 5682 florescereu
420 5611 479 5683 ipse
492 5611 624 5683 signillcat
637 5612 701 5684 quid
723 5611 828 5669 intersit
849 5613 919 5669 inter
933 5627 1032 5684 cigno·
1084 5597 1190 5669 ‘filli1¹¹⁸
1208 5593 1454 5667 mmmm·
1467 5593 1522 5651 Sed
1533 5594 1597 5666 ibid
1616 5594 1702 5679 (filim
1716 5594 1749 5652 (¹0
1760 5595 1878 5655 iiiiii&

239 5718 317 5761 scere
331 5713 358 5761 et
371 5704 492 5762 credere.
501 5705 559 5776 lpse
570 5707 641 5760 enim
652 5706 797 5778 cognoscit,
813 5705 855 5763 cui
865 5705 1033 5778 apertissime
1084 5688 1380 5762 iiiiisiiiessfiirliloe
1391 5701 1485 5743 ⁰¹¹¹¹¹0⁸
1496 5689 1593 5744 illim
1602 5689 1735 5760 b⁰¹⁰¹¹fi³⁸
1748 5697 1876 5762 Sublimi

239 5793 292 5852 isla
305 5805 509 5854 monstrantur:
530 5795 570 5853 eis
587 5803 674 5852 autem
685 5798 779 5868 quibus
794 5797 852 5856 baec
865 5806 965 5868 narrat,
977 5811 1033 5855 non
1118 5804 1128 5837 ¹
1145 5801 1215 5866 ndi,
1226 5798 1341 5854 amtor.
1352 5807 1455 5866 etms,
1465 5799 1612 5856 Ιιιιὸίιιιωι.
