<?xml version="1.0" encoding="UTF-8"?>
<!DOCTYPE html PUBLIC "-//W3C//DTD XHTML 1.0 Transitional//EN"
    "http://www.w3.org/TR/xhtml1/DTD/xhtml1-transitional.dtd">
<html xmlns="http://www.w3.org/1999/xhtml" xml:lang="en" lang="en">
 <head>
  <title>
</title>
<meta http-equiv="Content-Type" content="text/html;charset=utf-8" />
  <meta name='ocr-system' content='tesseract 3.04.00' />
  <meta name='ocr-capabilities' content='ocr_page ocr_carea ocr_par ocr_line ocrx_word'/>
</head>
<body>
  <div class='ocr_page' id='page_1' title='image "./patrologiaecurs01berngoog_0496.png"; bbox 0 0 4034 6334; ppageno 0'>
   <div class='ocr_carea' id='block_1_1' title="bbox 243 269 1890 407">
    <p class='ocr_par' dir='ltr' id='par_1_1' title="bbox 243 269 1890 407">
     <span class='ocr_line' id='line_1_1' title="bbox 243 269 1890 407; baseline -0.003 -17"><span class='ocrx_word' id='word_1_1' title='bbox 243 315 301 390; x_wconf 82' lang='lat' dir='ltr'><strong>ate</strong></span> <span class='ocrx_word' id='word_1_2' title='bbox 533 304 537 311; x_wconf 86' lang='grc'><strong>’</strong></span> <span class='ocrx_word' id='word_1_3' title='bbox 626 269 633 278; x_wconf 57' lang='grc'><em>’</em></span> <span class='ocrx_word' id='word_1_4' title='bbox 796 321 844 384; x_wconf 88' lang='lat' dir='ltr'><strong>on</strong></span> <span class='ocrx_word' id='word_1_5' title='bbox 861 319 1062 407; x_wconf 77' lang='lat' dir='ltr'><strong>munstre,</strong></span> <span class='ocrx_word' id='word_1_6' title='bbox 1081 319 1111 382; x_wconf 90' lang='lat' dir='ltr'><strong>s.</strong></span> <span class='ocrx_word' id='word_1_7' title='bbox 1133 322 1319 388; x_wconf 84' lang='lat' dir='ltr'><strong>snansnrn</strong></span> <span class='ocrx_word' id='word_1_8' title='bbox 1835 339 1890 402; x_wconf 62' lang='lat' dir='ltr'><strong>g,</strong></span> 
     </span>
    </p>
   </div>
   <div class='ocr_carea' id='block_1_2' title="bbox 130 431 2013 3762">
    <p class='ocr_par' dir='ltr' id='par_1_2' title="bbox 243 431 1893 530">
     <span class='ocr_line' id='line_1_2' title="bbox 243 431 1893 530; baseline 0.008 -28"><span class='ocrx_word' id='word_1_9' title='bbox 243 458 300 502; x_wconf 85' lang='lat' dir='ltr'><strong>non</strong></span> <span class='ocrx_word' id='word_1_10' title='bbox 312 449 403 502; x_wconf 89' lang='lat' dir='ltr'><strong>autem</strong></span> <span class='ocrx_word' id='word_1_11' title='bbox 422 443 512 501; x_wconf 90' lang='lat' dir='ltr'><strong>omnis</strong></span> <span class='ocrx_word' id='word_1_12' title='bbox 531 441 680 516; x_wconf 87' lang='lat' dir='ltr'><strong>quintitur,</strong></span> <span class='ocrx_word' id='word_1_13' title='bbox 703 439 817 511; x_wconf 67' lang='lat' dir='ltr'><strong>troitum</strong></span> <span class='ocrx_word' id='word_1_14' title='bbox 833 441 915 500; x_wconf 87' lang='lat' dir='ltr'><strong>siid¹</strong></span> <span class='ocrx_word' id='word_1_15' title='bbox 927 441 1000 516; x_wconf 84' lang='lat' dir='ltr'><strong>quod</strong></span> <span class='ocrx_word' id='word_1_16' title='bbox 1014 441 1041 498; x_wconf 90' lang='lat' dir='ltr'><strong>in</strong></span> <span class='ocrx_word' id='word_1_17' title='bbox 1097 452 1215 516; x_wconf 88' lang='lat' dir='ltr'><strong>quenter</strong></span> <span class='ocrx_word' id='word_1_18' title='bbox 1227 446 1367 504; x_wconf 88' lang='lat' dir='ltr'><strong>etiamnec</strong></span> <span class='ocrx_word' id='word_1_19' title='bbox 1379 431 1500 518; x_wconf 88' lang='lat' dir='ltr'><strong>memini,</strong></span> <span class='ocrx_word' id='word_1_20' title='bbox 1512 447 1644 508; x_wconf 82' lang='lat' dir='ltr'><strong>necrolo.</strong></span> <span class='ocrx_word' id='word_1_21' title='bbox 1659 445 1792 530; x_wconf 85' lang='lat' dir='ltr'><strong>Quidquid</strong></span> <span class='ocrx_word' id='word_1_22' title='bbox 1802 469 1893 518; x_wconf 87' lang='lat' dir='ltr'><strong>autem</strong></span> 
     </span>
    </p>

    <p class='ocr_par' dir='ltr' id='par_1_3' title="bbox 245 533 2013 622">
     <span class='ocr_line' id='line_1_3' title="bbox 245 533 2013 622; baseline 0.006 -28"><span class='ocrx_word' id='word_1_23' title='bbox 245 535 401 595; x_wconf 88' lang='lat' dir='ltr'><strong>laenllatern</strong></span> <span class='ocrx_word' id='word_1_24' title='bbox 424 536 570 594; x_wconf 78' lang='lat' dir='ltr'><strong>uoluntatis</strong></span> <span class='ocrx_word' id='word_1_25' title='bbox 594 536 725 602; x_wconf 76' lang='lat' dir='ltr'><strong>assumit,</strong></span> <span class='ocrx_word' id='word_1_26' title='bbox 750 551 806 593; x_wconf 92' lang='lat' dir='ltr'><strong>nou</strong></span> <span class='ocrx_word' id='word_1_27' title='bbox 836 543 945 610; x_wconf 88' lang='lat' dir='ltr'><strong>proptor</strong></span> <span class='ocrx_word' id='word_1_28' title='bbox 975 533 1042 594; x_wconf 91' lang='lat' dir='ltr'><strong>illud</strong></span> <span class='ocrx_word' id='word_1_29' title='bbox 1095 535 1302 610; x_wconf 70' lang='lat' dir='ltr'><strong>intelligibilium</strong></span> <span class='ocrx_word' id='word_1_30' title='bbox 1312 540 1421 597; x_wconf 85' lang='lat' dir='ltr'><strong>memini</strong></span> <span class='ocrx_word' id='word_1_31' title='bbox 1432 551 1459 598; x_wconf 90' lang='lat' dir='ltr'><strong>et</strong></span> <span class='ocrx_word' id='word_1_32' title='bbox 1470 542 1542 612; x_wconf 83' lang='lat' dir='ltr'><strong>nolo,</strong></span> <span class='ocrx_word' id='word_1_33' title='bbox 1554 555 1750 617; x_wconf 88' lang='lat' dir='ltr'><strong>consequenter</strong></span> <span class='ocrx_word' id='word_1_34' title='bbox 1761 551 1892 622; x_wconf 78' lang='lat' dir='ltr'><strong>intelligo.</strong></span> <span class='ocrx_word' id='word_1_35' title='bbox 2012 535 2013 562; x_wconf 33' lang='lat' dir='ltr'><strong>i</strong></span> 
     </span>
    </p>

    <p class='ocr_par' dir='ltr' id='par_1_4' title="bbox 245 625 2013 807">
     <span class='ocr_line' id='line_1_4' title="bbox 245 625 2013 713; baseline 0.008 -25"><span class='ocrx_word' id='word_1_36' title='bbox 245 630 347 704; x_wconf 88' lang='lat' dir='ltr'><strong>ipsum,</strong></span> <span class='ocrx_word' id='word_1_37' title='bbox 361 630 408 688; x_wconf 88' lang='lat' dir='ltr'><strong>sed</strong></span> <span class='ocrx_word' id='word_1_38' title='bbox 418 638 527 702; x_wconf 89' lang='lat' dir='ltr'><strong>propter</strong></span> <span class='ocrx_word' id='word_1_39' title='bbox 537 629 608 686; x_wconf 88' lang='lat' dir='ltr'><strong>aliud</strong></span> <span class='ocrx_word' id='word_1_40' title='bbox 618 629 755 702; x_wconf 78' lang='lat' dir='ltr'><strong>appetivit.</strong></span> <span class='ocrx_word' id='word_1_41' title='bbox 1095 625 1227 688; x_wconf 72' lang='lat' dir='ltr'><strong>Voluntas</strong></span> <span class='ocrx_word' id='word_1_42' title='bbox 1249 631 1329 689; x_wconf 86' lang='lat' dir='ltr'><strong>etiam</strong></span> <span class='ocrx_word' id='word_1_43' title='bbox 1344 649 1403 691; x_wconf 83' lang='lat' dir='ltr'><strong>meo</strong></span> <span class='ocrx_word' id='word_1_44' title='bbox 1427 643 1509 694; x_wconf 86' lang='lat' dir='ltr'><strong>totam</strong></span> <span class='ocrx_word' id='word_1_45' title='bbox 1530 637 1731 712; x_wconf 74' lang='lat' dir='ltr'><strong>intelligentiam</strong></span> <span class='ocrx_word' id='word_1_46' title='bbox 1756 653 1894 713; x_wconf 76' lang='lat' dir='ltr'><strong>tuumque</strong></span> <span class='ocrx_word' id='word_1_47' title='bbox 2012 639 2013 652; x_wconf 58' lang='lat'>¹</span> 
     </span>
     <span class='ocr_line' id='line_1_5' title="bbox 283 717 1893 807; baseline 0.009 -27"><span class='ocrx_word' id='word_1_48' title='bbox 283 724 327 780; x_wconf 88' lang='lat' dir='ltr'><strong>l8.</strong></span> <span class='ocrx_word' id='word_1_49' title='bbox 344 723 404 779; x_wconf 86' lang='lat' dir='ltr'><strong>llaec</strong></span> <span class='ocrx_word' id='word_1_50' title='bbox 418 721 498 795; x_wconf 90' lang='lat' dir='ltr'><strong>igitur</strong></span> <span class='ocrx_word' id='word_1_51' title='bbox 507 721 569 790; x_wconf 90' lang='lat' dir='ltr'><strong>tria,</strong></span> <span class='ocrx_word' id='word_1_52' title='bbox 590 721 732 790; x_wconf 91' lang='lat' dir='ltr'><strong>memoria,</strong></span> <span class='ocrx_word' id='word_1_53' title='bbox 747 719 932 794; x_wconf 87' lang='lat' dir='ltr'><strong>intelligentia,</strong></span> <span class='ocrx_word' id='word_1_54' title='bbox 946 717 1043 777; x_wconf 83' lang='lat' dir='ltr'><strong>nolun-</strong></span> <span class='ocrx_word' id='word_1_55' title='bbox 1095 723 1254 780; x_wconf 76' lang='lat' dir='ltr'><strong>memoriam</strong></span> <span class='ocrx_word' id='word_1_56' title='bbox 1269 739 1356 782; x_wconf 90' lang='lat' dir='ltr'><strong>meam</strong></span> <span class='ocrx_word' id='word_1_57' title='bbox 1370 725 1451 799; x_wconf 88' lang='lat' dir='ltr'><strong>capit,</strong></span> <span class='ocrx_word' id='word_1_58' title='bbox 1467 726 1531 784; x_wconf 90' lang='lat' dir='ltr'><strong>dnm</strong></span> <span class='ocrx_word' id='word_1_59' title='bbox 1544 735 1601 785; x_wconf 89' lang='lat' dir='ltr'><strong>toto</strong></span> <span class='ocrx_word' id='word_1_60' title='bbox 1610 737 1672 788; x_wconf 91' lang='lat' dir='ltr'><strong>ntor</strong></span> <span class='ocrx_word' id='word_1_61' title='bbox 1687 731 1758 804; x_wconf 86' lang='lat' dir='ltr'><strong>quod</strong></span> <span class='ocrx_word' id='word_1_62' title='bbox 1772 733 1893 807; x_wconf 84' lang='lat' dir='ltr'><strong>intelligo</strong></span> 
     </span>
    </p>

    <p class='ocr_par' dir='ltr' id='par_1_5' title="bbox 245 813 1895 896">
     <span class='ocr_line' id='line_1_6' title="bbox 245 813 1895 896; baseline 0.006 -22"><span class='ocrx_word' id='word_1_63' title='bbox 245 827 298 884; x_wconf 89' lang='lat' dir='ltr'><strong>las,</strong></span> <span class='ocrx_word' id='word_1_64' title='bbox 321 816 447 889; x_wconf 91' lang='lat' dir='ltr'><strong>quoniam</strong></span> <span class='ocrx_word' id='word_1_65' title='bbox 460 830 515 872; x_wconf 90' lang='lat' dir='ltr'><strong>non</strong></span> <span class='ocrx_word' id='word_1_66' title='bbox 526 822 589 872; x_wconf 88' lang='lat' dir='ltr'><strong>suut</strong></span> <span class='ocrx_word' id='word_1_67' title='bbox 606 824 662 873; x_wconf 90' lang='lat' dir='ltr'><strong>tres</strong></span> <span class='ocrx_word' id='word_1_68' title='bbox 678 816 751 886; x_wconf 81' lang='lat' dir='ltr'><strong>uite,</strong></span> <span class='ocrx_word' id='word_1_69' title='bbox 771 813 819 872; x_wconf 87' lang='lat' dir='ltr'><strong>sed</strong></span> <span class='ocrx_word' id='word_1_70' title='bbox 831 829 885 871; x_wconf 88' lang='lat' dir='ltr'><strong>una</strong></span> <span class='ocrx_word' id='word_1_71' title='bbox 896 815 970 884; x_wconf 77' lang='lat' dir='ltr'><strong>uita3</strong></span> <span class='ocrx_word' id='word_1_72' title='bbox 992 827 1043 872; x_wconf 92' lang='lat' dir='ltr'><strong>nec</strong></span> <span class='ocrx_word' id='word_1_73' title='bbox 1095 820 1125 872; x_wconf 89' lang='lat' dir='ltr'><strong>et</strong></span> <span class='ocrx_word' id='word_1_74' title='bbox 1140 815 1261 872; x_wconf 88' lang='lat' dir='ltr'><strong>memini.</strong></span> <span class='ocrx_word' id='word_1_75' title='bbox 1276 815 1444 890; x_wconf 77' lang='lat' dir='ltr'><strong>Quapropter</strong></span> <span class='ocrx_word' id='word_1_76' title='bbox 1458 819 1567 890; x_wconf 91' lang='lat' dir='ltr'><strong>quando</strong></span> <span class='ocrx_word' id='word_1_77' title='bbox 1583 819 1697 878; x_wconf 88' lang='lat' dir='ltr'><strong>innioem</strong></span> <span class='ocrx_word' id='word_1_78' title='bbox 1710 839 1726 880; x_wconf 89' lang='lat' dir='ltr'><strong>a</strong></span> <span class='ocrx_word' id='word_1_79' title='bbox 1740 823 1854 896; x_wconf 88' lang='lat' dir='ltr'><strong>singulis</strong></span> <span class='ocrx_word' id='word_1_80' title='bbox 1866 835 1895 884; x_wconf 91' lang='lat' dir='ltr'><strong>et</strong></span> 
     </span>
    </p>

    <p class='ocr_par' dir='ltr' id='par_1_6' title="bbox 245 905 1895 990">
     <span class='ocr_line' id='line_1_7' title="bbox 245 905 1895 990; baseline 0.004 -22"><span class='ocrx_word' id='word_1_81' title='bbox 245 919 302 968; x_wconf 88' lang='lat' dir='ltr'><strong>tres</strong></span> <span class='ocrx_word' id='word_1_82' title='bbox 316 917 430 978; x_wconf 80' lang='lat' dir='ltr'><strong>mentes,</strong></span> <span class='ocrx_word' id='word_1_83' title='bbox 442 905 490 965; x_wconf 90' lang='lat' dir='ltr'><strong>sed</strong></span> <span class='ocrx_word' id='word_1_84' title='bbox 501 924 553 966; x_wconf 89' lang='lat' dir='ltr'><strong>nna</strong></span> <span class='ocrx_word' id='word_1_85' title='bbox 568 923 666 966; x_wconf 88' lang='lat' dir='ltr'><strong>mens:</strong></span> <span class='ocrx_word' id='word_1_86' title='bbox 682 915 877 980; x_wconf 81' lang='lat' dir='ltr'><strong>consequenter</strong></span> <span class='ocrx_word' id='word_1_87' title='bbox 886 907 979 980; x_wconf 89' lang='lat' dir='ltr'><strong>utique</strong></span> <span class='ocrx_word' id='word_1_88' title='bbox 990 922 1043 966; x_wconf 92' lang='lat' dir='ltr'><strong>nee</strong></span> <span class='ocrx_word' id='word_1_89' title='bbox 1096 912 1152 963; x_wconf 87' lang='lat' dir='ltr'><strong>tnta</strong></span> <span class='ocrx_word' id='word_1_90' title='bbox 1165 909 1254 966; x_wconf 86' lang='lat' dir='ltr'><strong>omnia</strong></span> <span class='ocrx_word' id='word_1_91' title='bbox 1268 909 1418 984; x_wconf 89' lang='lat' dir='ltr'><strong>capiuntur,</strong></span> <span class='ocrx_word' id='word_1_92' title='bbox 1438 909 1549 985; x_wconf 76' lang='lat' dir='ltr'><strong>equalis</strong></span> <span class='ocrx_word' id='word_1_93' title='bbox 1564 922 1626 969; x_wconf 90' lang='lat' dir='ltr'><strong>sunt</strong></span> <span class='ocrx_word' id='word_1_94' title='bbox 1639 922 1693 970; x_wconf 90' lang='lat' dir='ltr'><strong>tota</strong></span> <span class='ocrx_word' id='word_1_95' title='bbox 1711 915 1817 990; x_wconf 87' lang='lat' dir='ltr'><strong>singula</strong></span> <span class='ocrx_word' id='word_1_96' title='bbox 1832 921 1895 977; x_wconf 87' lang='lat' dir='ltr'><strong>totis</strong></span> 
     </span>
    </p>

    <p class='ocr_par' dir='ltr' id='par_1_7' title="bbox 245 996 1895 1078">
     <span class='ocr_line' id='line_1_8' title="bbox 245 996 1895 1078; baseline 0.005 -18"><span class='ocrx_word' id='word_1_97' title='bbox 245 1011 302 1060; x_wconf 89' lang='lat' dir='ltr'><strong>tres</strong></span> <span class='ocrx_word' id='word_1_98' title='bbox 320 1003 477 1060; x_wconf 73' lang='lat' dir='ltr'><strong>substautias</strong></span> <span class='ocrx_word' id='word_1_99' title='bbox 500 1010 573 1070; x_wconf 91' lang='lat' dir='ltr'><strong>sunt,</strong></span> <span class='ocrx_word' id='word_1_100' title='bbox 590 1001 641 1059; x_wconf 89' lang='lat' dir='ltr'><strong>sed</strong></span> <span class='ocrx_word' id='word_1_101' title='bbox 661 1002 891 1060; x_wconf 83' lang='lat' dir='ltr'><strong>uuasnbslantia.</strong></span> <span class='ocrx_word' id='word_1_102' title='bbox 914 1002 1043 1061; x_wconf 89' lang='lat' dir='ltr'><strong>liemoria</strong></span> <span class='ocrx_word' id='word_1_103' title='bbox 1095 996 1216 1071; x_wconf 86' lang='lat' dir='ltr'><strong>singulis,</strong></span> <span class='ocrx_word' id='word_1_104' title='bbox 1238 1007 1266 1059; x_wconf 92' lang='lat' dir='ltr'><strong>et</strong></span> <span class='ocrx_word' id='word_1_105' title='bbox 1277 1009 1333 1058; x_wconf 87' lang='lat' dir='ltr'><strong>tota</strong></span> <span class='ocrx_word' id='word_1_106' title='bbox 1346 1001 1450 1074; x_wconf 83' lang='lat' dir='ltr'><strong>singnis</strong></span> <span class='ocrx_word' id='word_1_107' title='bbox 1463 1003 1543 1060; x_wconf 89' lang='lat' dir='ltr'><strong>simul</strong></span> <span class='ocrx_word' id='word_1_108' title='bbox 1557 1005 1682 1063; x_wconf 88' lang='lat' dir='ltr'><strong>omnibus</strong></span> <span class='ocrx_word' id='word_1_109' title='bbox 1695 1008 1777 1078; x_wconf 87' lang='lat' dir='ltr'><strong>totis;</strong></span> <span class='ocrx_word' id='word_1_110' title='bbox 1796 1018 1825 1067; x_wconf 86' lang='lat' dir='ltr'><strong>et</strong></span> <span class='ocrx_word' id='word_1_111' title='bbox 1836 1009 1895 1069; x_wconf 80' lang='lat' dir='ltr'><strong>ban</strong></span> 
     </span>
    </p>

    <p class='ocr_par' dir='ltr' id='par_1_8' title="bbox 245 1091 1768 1168">
     <span class='ocr_line' id='line_1_9' title="bbox 245 1091 1768 1168; baseline 0.005 -17"><span class='ocrx_word' id='word_1_112' title='bbox 245 1097 355 1167; x_wconf 83' lang='lat' dir='ltr'><strong>quippe,</strong></span> <span class='ocrx_word' id='word_1_113' title='bbox 371 1111 431 1168; x_wconf 84' lang='lat' dir='ltr'><strong>qnae</strong></span> <span class='ocrx_word' id='word_1_114' title='bbox 443 1095 496 1151; x_wconf 85' lang='lat' dir='ltr'><strong>nita</strong></span> <span class='ocrx_word' id='word_1_115' title='bbox 507 1103 535 1151; x_wconf 93' lang='lat' dir='ltr'><strong>et</strong></span> <span class='ocrx_word' id='word_1_116' title='bbox 548 1111 626 1154; x_wconf 90' lang='lat' dir='ltr'><strong>mens</strong></span> <span class='ocrx_word' id='word_1_117' title='bbox 639 1103 668 1153; x_wconf 93' lang='lat' dir='ltr'><strong>et</strong></span> <span class='ocrx_word' id='word_1_118' title='bbox 678 1095 827 1153; x_wconf 87' lang='lat' dir='ltr'><strong>substamia</strong></span> <span class='ocrx_word' id='word_1_119' title='bbox 841 1094 951 1165; x_wconf 87' lang='lat' dir='ltr'><strong>dieitur,</strong></span> <span class='ocrx_word' id='word_1_120' title='bbox 966 1094 1001 1152; x_wconf 89' lang='lat' dir='ltr'><strong>ad</strong></span> <span class='ocrx_word' id='word_1_121' title='bbox 1013 1109 1044 1154; x_wconf 91' lang='lat' dir='ltr'><strong>se</strong></span> <span class='ocrx_word' id='word_1_122' title='bbox 1096 1091 1147 1149; x_wconf 89' lang='lat' dir='ltr'><strong>tria</strong></span> <span class='ocrx_word' id='word_1_123' title='bbox 1161 1106 1254 1160; x_wconf 90' lang='lat' dir='ltr'><strong>unum,</strong></span> <span class='ocrx_word' id='word_1_124' title='bbox 1266 1109 1318 1150; x_wconf 86' lang='lat' dir='ltr'><strong>nna</strong></span> <span class='ocrx_word' id='word_1_125' title='bbox 1330 1094 1395 1162; x_wconf 80' lang='lat' dir='ltr'><strong>nita,</strong></span> <span class='ocrx_word' id='word_1_126' title='bbox 1409 1109 1462 1152; x_wconf 91' lang='lat' dir='ltr'><strong>una</strong></span> <span class='ocrx_word' id='word_1_127' title='bbox 1474 1093 1561 1165; x_wconf 81' lang='lat' dir='ltr'><strong>inens,</strong></span> <span class='ocrx_word' id='word_1_128' title='bbox 1575 1112 1627 1154; x_wconf 86' lang='lat' dir='ltr'><strong>una</strong></span> <span class='ocrx_word' id='word_1_129' title='bbox 1639 1100 1768 1158; x_wconf 86' lang='lat' dir='ltr'><strong>essentia.</strong></span> 
     </span>
    </p>

    <p class='ocr_par' dir='ltr' id='par_1_9' title="bbox 248 1171 1939 1266">
     <span class='ocr_line' id='line_1_10' title="bbox 248 1171 1939 1266; baseline 0.004 -22"><span class='ocrx_word' id='word_1_130' title='bbox 248 1189 334 1258; x_wconf 90' lang='lat' dir='ltr'><strong>ipsam</strong></span> <span class='ocrx_word' id='word_1_131' title='bbox 348 1187 884 1261; x_wconf 77' lang='lat' dir='ltr'><strong>dicitnrzquodueromemoriadicitur,</strong></span> <span class='ocrx_word' id='word_1_132' title='bbox 898 1187 1043 1262; x_wconf 88' lang='lat' dir='ltr'><strong>adaliquid</strong></span> <span class='ocrx_word' id='word_1_133' title='bbox 1132 1181 1247 1242; x_wconf 81' lang='lat' dir='ltr'>CAPUT</span> <span class='ocrx_word' id='word_1_134' title='bbox 1258 1183 1895 1266; x_wconf 79' lang='lat' dir='ltr'><strong>illl.—lT.iientintngoTrlnitotiainssiipsiss</strong></span> <span class='ocrx_word' id='word_1_135' title='bbox 1934 1171 1939 1199; x_wconf 35' lang='grc' dir='ltr'>ἶ</span> 
     </span>
    </p>

    <p class='ocr_par' dir='ltr' id='par_1_10' title="bbox 245 1275 1942 1358">
     <span class='ocr_line' id='line_1_11' title="bbox 245 1275 1942 1358; baseline 0.005 -21"><span class='ocrx_word' id='word_1_136' title='bbox 245 1281 356 1337; x_wconf 81' lang='lat' dir='ltr'><strong>relative</strong></span> <span class='ocrx_word' id='word_1_137' title='bbox 369 1281 477 1338; x_wconf 84' lang='lat' dir='ltr'><strong>dicitnr.</strong></span> <span class='ocrx_word' id='word_1_138' title='bbox 490 1279 1046 1354; x_wconf 84' lang='lat' dir='ltr'><strong>lloodeintelligeutlaquoqueeadeno·</strong></span> <span class='ocrx_word' id='word_1_139' title='bbox 1096 1275 1229 1344; x_wconf 65' lang='lat' dir='ltr'><strong>memoria,</strong></span> <span class='ocrx_word' id='word_1_140' title='bbox 1267 1275 1433 1350; x_wconf 74' lang='lat' dir='ltr'><strong>intelligentta</strong></span> <span class='ocrx_word' id='word_1_141' title='bbox 1470 1287 1495 1336; x_wconf 82' lang='lat' dir='ltr'><strong>et</strong></span> <span class='ocrx_word' id='word_1_142' title='bbox 1526 1280 1663 1338; x_wconf 64' lang='lat' dir='ltr'><strong>wasme.</strong></span> <span class='ocrx_word' id='word_1_143' title='bbox 1694 1281 1790 1343; x_wconf 83' lang='lat' dir='ltr'><strong>iamne</strong></span> <span class='ocrx_word' id='word_1_144' title='bbox 1814 1285 1895 1358; x_wconf 85' lang='lat' dir='ltr'><strong>igitur</strong></span> <span class='ocrx_word' id='word_1_145' title='bbox 1940 1300 1942 1308; x_wconf 90' lang='lat'>·</span> 
     </span>
    </p>

    <p class='ocr_par' dir='ltr' id='par_1_11' title="bbox 244 1361 1945 1448">
     <span class='ocr_line' id='line_1_12' title="bbox 244 1361 1945 1448; baseline 0.001 -18"><span class='ocrx_word' id='word_1_146' title='bbox 244 1374 348 1432; x_wconf 86' lang='lat' dir='ltr'><strong>luntate</strong></span> <span class='ocrx_word' id='word_1_147' title='bbox 366 1374 502 1431; x_wconf 84' lang='lat' dir='ltr'><strong>dixerim:</strong></span> <span class='ocrx_word' id='word_1_148' title='bbox 526 1383 554 1432; x_wconf 94' lang='lat' dir='ltr'><strong>et</strong></span> <span class='ocrx_word' id='word_1_149' title='bbox 567 1375 741 1448; x_wconf 89' lang='lat' dir='ltr'><strong>intelligentia</strong></span> <span class='ocrx_word' id='word_1_150' title='bbox 759 1375 859 1447; x_wconf 90' lang='lat' dir='ltr'><strong>quippe</strong></span> <span class='ocrx_word' id='word_1_151' title='bbox 876 1384 904 1432; x_wconf 92' lang='lat' dir='ltr'><strong>et</strong></span> <span class='ocrx_word' id='word_1_152' title='bbox 919 1374 1044 1432; x_wconf 81' lang='lat' dir='ltr'><strong>noluntas</strong></span> <span class='ocrx_word' id='word_1_153' title='bbox 1097 1366 1295 1425; x_wconf 67' lang='lat' dir='ltr'><strong>amandandum</strong></span> <span class='ocrx_word' id='word_1_154' title='bbox 1308 1377 1351 1427; x_wconf 83' lang='lat' dir='ltr'><strong>cst</strong></span> <span class='ocrx_word' id='word_1_155' title='bbox 1369 1370 1608 1446; x_wconf 65' lang='lat' dir='ltr'><strong>qualibuscumque</strong></span> <span class='ocrx_word' id='word_1_156' title='bbox 1621 1373 1778 1434; x_wconf 86' lang='lat' dir='ltr'><strong>intentionis</strong></span> <span class='ocrx_word' id='word_1_157' title='bbox 1790 1379 1894 1438; x_wconf 75' lang='lat' dir='ltr'><strong>virlbm</strong></span> <span class='ocrx_word' id='word_1_158' title='bbox 1943 1361 1945 1366; x_wconf 60' lang='grc'>’</span> 
     </span>
    </p>

    <p class='ocr_par' dir='ltr' id='par_1_12' title="bbox 244 1458 1894 1544">
     <span class='ocr_line' id='line_1_13' title="bbox 244 1458 1894 1544; baseline 0.003 -21"><span class='ocrx_word' id='word_1_159' title='bbox 244 1466 280 1523; x_wconf 91' lang='lat' dir='ltr'><strong>ad</strong></span> <span class='ocrx_word' id='word_1_160' title='bbox 295 1467 394 1538; x_wconf 85' lang='lat' dir='ltr'><strong>aliquid</strong></span> <span class='ocrx_word' id='word_1_161' title='bbox 406 1466 539 1524; x_wconf 88' lang='lat' dir='ltr'><strong>dieantur.</strong></span> <span class='ocrx_word' id='word_1_162' title='bbox 552 1466 615 1524; x_wconf 78' lang='lat' dir='ltr'><strong>Vita</strong></span> <span class='ocrx_word' id='word_1_163' title='bbox 627 1474 669 1524; x_wconf 90' lang='lat' dir='ltr'><strong>est</strong></span> <span class='ocrx_word' id='word_1_164' title='bbox 681 1472 771 1524; x_wconf 85' lang='lat' dir='ltr'><strong>autem</strong></span> <span class='ocrx_word' id='word_1_165' title='bbox 784 1474 950 1540; x_wconf 81' lang='lat' dir='ltr'><strong>unaquaque</strong></span> <span class='ocrx_word' id='word_1_166' title='bbox 968 1466 1001 1522; x_wconf 90' lang='lat' dir='ltr'><strong>ad</strong></span> <span class='ocrx_word' id='word_1_167' title='bbox 1014 1481 1044 1523; x_wconf 89' lang='lat' dir='ltr'><strong>se</strong></span> <span class='ocrx_word' id='word_1_168' title='bbox 1096 1458 1131 1516; x_wconf 92' lang='lat' dir='ltr'><strong>ad</strong></span> <span class='ocrx_word' id='word_1_169' title='bbox 1156 1458 1229 1516; x_wconf 86' lang='lat' dir='ltr'><strong>illam</strong></span> <span class='ocrx_word' id='word_1_170' title='bbox 1251 1474 1383 1518; x_wconf 89' lang='lat' dir='ltr'><strong>summam</strong></span> <span class='ocrx_word' id='word_1_171' title='bbox 1407 1469 1436 1519; x_wconf 92' lang='lat' dir='ltr'><strong>et</strong></span> <span class='ocrx_word' id='word_1_172' title='bbox 1463 1462 1620 1522; x_wconf 75' lang='lat' dir='ltr'><strong>minimam</strong></span> <span class='ocrx_word' id='word_1_173' title='bbox 1639 1467 1796 1538; x_wconf 67' lang='lat' dir='ltr'><strong>mseuthm,</strong></span> <span class='ocrx_word' id='word_1_174' title='bbox 1818 1469 1894 1544; x_wconf 75' lang='lat' dir='ltr'><strong>ennias</strong></span> 
     </span>
    </p>

    <p class='ocr_par' dir='ltr' id='par_1_13' title="bbox 245 1551 1895 1634">
     <span class='ocr_line' id='line_1_14' title="bbox 245 1551 1895 1634; baseline 0.002 -16"><span class='ocrx_word' id='word_1_175' title='bbox 245 1559 343 1631; x_wconf 87' lang='lat' dir='ltr'><strong>ipsam,</strong></span> <span class='ocrx_word' id='word_1_176' title='bbox 366 1569 393 1616; x_wconf 91' lang='lat' dir='ltr'><strong>et</strong></span> <span class='ocrx_word' id='word_1_177' title='bbox 411 1577 495 1630; x_wconf 75' lang='lat' dir='ltr'><strong>ureris,</strong></span> <span class='ocrx_word' id='word_1_178' title='bbox 522 1571 551 1618; x_wconf 92' lang='lat' dir='ltr'><strong>et</strong></span> <span class='ocrx_word' id='word_1_179' title='bbox 572 1560 699 1618; x_wconf 89' lang='lat' dir='ltr'><strong>essentia.</strong></span> <span class='ocrx_word' id='word_1_180' title='bbox 722 1558 854 1627; x_wconf 81' lang='lat' dir='ltr'><strong>Quocirca</strong></span> <span class='ocrx_word' id='word_1_181' title='bbox 874 1559 925 1616; x_wconf 85' lang='lat' dir='ltr'><strong>tris</strong></span> <span class='ocrx_word' id='word_1_182' title='bbox 938 1559 997 1616; x_wconf 84' lang='lat' dir='ltr'><strong>lraee</strong></span> <span class='ocrx_word' id='word_1_183' title='bbox 1011 1575 1044 1618; x_wconf 91' lang='lat' dir='ltr'><strong>oo</strong></span> <span class='ocrx_word' id='word_1_184' title='bbox 1097 1551 1185 1627; x_wconf 86' lang='lat' dir='ltr'><strong>impar</strong></span> <span class='ocrx_word' id='word_1_185' title='bbox 1198 1554 1286 1628; x_wconf 87' lang='lat' dir='ltr'><strong>imago</strong></span> <span class='ocrx_word' id='word_1_186' title='bbox 1297 1563 1339 1614; x_wconf 89' lang='lat' dir='ltr'><strong>est</strong></span> <span class='ocrx_word' id='word_1_187' title='bbox 1352 1555 1467 1612; x_wconf 81' lang='lat' dir='ltr'><strong>bumana</strong></span> <span class='ocrx_word' id='word_1_188' title='bbox 1478 1572 1567 1628; x_wconf 86' lang='lat' dir='ltr'><strong>mens,</strong></span> <span class='ocrx_word' id='word_1_189' title='bbox 1581 1558 1628 1617; x_wconf 89' lang='lat' dir='ltr'><strong>sed</strong></span> <span class='ocrx_word' id='word_1_190' title='bbox 1641 1569 1729 1618; x_wconf 90' lang='lat' dir='ltr'><strong>tamen</strong></span> <span class='ocrx_word' id='word_1_191' title='bbox 1742 1561 1850 1634; x_wconf 87' lang='lat' dir='ltr'><strong>imagol</strong></span> <span class='ocrx_word' id='word_1_192' title='bbox 1859 1579 1895 1622; x_wconf 90' lang='lat' dir='ltr'><strong>an</strong></span> 
     </span>
    </p>

    <p class='ocr_par' dir='ltr' id='par_1_14' title="bbox 244 1646 1896 1726">
     <span class='ocr_line' id='line_1_15' title="bbox 244 1646 1896 1726; baseline 0.004 -18"><span class='ocrx_word' id='word_1_193' title='bbox 244 1662 311 1708; x_wconf 78' lang='lat' dir='ltr'><strong>sunit</strong></span> <span class='ocrx_word' id='word_1_194' title='bbox 328 1668 422 1718; x_wconf 89' lang='lat' dir='ltr'><strong>unum,</strong></span> <span class='ocrx_word' id='word_1_195' title='bbox 446 1668 499 1726; x_wconf 83' lang='lat' dir='ltr'><strong>qno</strong></span> <span class='ocrx_word' id='word_1_196' title='bbox 512 1667 564 1708; x_wconf 89' lang='lat' dir='ltr'><strong>nna</strong></span> <span class='ocrx_word' id='word_1_197' title='bbox 578 1652 643 1721; x_wconf 82' lang='lat' dir='ltr'><strong>uita,</strong></span> <span class='ocrx_word' id='word_1_198' title='bbox 658 1666 810 1720; x_wconf 87' lang='lat' dir='ltr'><strong>nnamens,</strong></span> <span class='ocrx_word' id='word_1_199' title='bbox 835 1666 889 1707; x_wconf 83' lang='lat' dir='ltr'><strong>urna</strong></span> <span class='ocrx_word' id='word_1_200' title='bbox 905 1650 1042 1709; x_wconf 87' lang='lat' dir='ltr'><strong>essentia:</strong></span> <span class='ocrx_word' id='word_1_201' title='bbox 1097 1646 1185 1704; x_wconf 88' lang='lat' dir='ltr'><strong>adbuc</strong></span> <span class='ocrx_word' id='word_1_202' title='bbox 1209 1647 1305 1706; x_wconf 88' lang='lat' dir='ltr'><strong>eadem</strong></span> <span class='ocrx_word' id='word_1_203' title='bbox 1338 1647 1389 1705; x_wconf 90' lang='lat' dir='ltr'><strong>tria</strong></span> <span class='ocrx_word' id='word_1_204' title='bbox 1410 1647 1562 1707; x_wconf 78' lang='lat' dir='ltr'><strong>distinctim</strong></span> <span class='ocrx_word' id='word_1_205' title='bbox 1586 1649 1748 1712; x_wconf 88' lang='lat' dir='ltr'><strong>declaranda</strong></span> <span class='ocrx_word' id='word_1_206' title='bbox 1777 1663 1842 1712; x_wconf 86' lang='lat' dir='ltr'><strong>snut</strong></span> <span class='ocrx_word' id='word_1_207' title='bbox 1867 1655 1896 1715; x_wconf 82' lang='lat' dir='ltr'><strong>in</strong></span> 
     </span>
    </p>

    <p class='ocr_par' dir='ltr' id='par_1_15' title="bbox 246 1739 1896 1830">
     <span class='ocr_line' id='line_1_16' title="bbox 246 1739 1896 1830; baseline 0.003 -29"><span class='ocrx_word' id='word_1_208' title='bbox 246 1754 275 1801; x_wconf 93' lang='lat' dir='ltr'><strong>et</strong></span> <span class='ocrx_word' id='word_1_209' title='bbox 288 1745 416 1820; x_wconf 86' lang='lat' dir='ltr'><strong>quidquid</strong></span> <span class='ocrx_word' id='word_1_210' title='bbox 433 1746 503 1803; x_wconf 87' lang='lat' dir='ltr'><strong>alind</strong></span> <span class='ocrx_word' id='word_1_211' title='bbox 519 1746 553 1804; x_wconf 89' lang='lat' dir='ltr'><strong>ad</strong></span> <span class='ocrx_word' id='word_1_212' title='bbox 573 1747 673 1818; x_wconf 89' lang='lat' dir='ltr'><strong>seipsa</strong></span> <span class='ocrx_word' id='word_1_213' title='bbox 686 1745 940 1819; x_wconf 89' lang='lat' dir='ltr'><strong>singuladicuntur,</strong></span> <span class='ocrx_word' id='word_1_214' title='bbox 963 1745 1044 1802; x_wconf 88' lang='lat' dir='ltr'><strong>etiam</strong></span> <span class='ocrx_word' id='word_1_215' title='bbox 1097 1739 1196 1810; x_wconf 78' lang='lat' dir='ltr'><strong>mina,</strong></span> <span class='ocrx_word' id='word_1_216' title='bbox 1212 1757 1261 1814; x_wconf 90' lang='lat' dir='ltr'><strong>per</strong></span> <span class='ocrx_word' id='word_1_217' title='bbox 1273 1741 1318 1801; x_wconf 89' lang='lat' dir='ltr'><strong>illa</strong></span> <span class='ocrx_word' id='word_1_218' title='bbox 1333 1757 1394 1816; x_wconf 77' lang='lat' dir='ltr'><strong>que</strong></span> <span class='ocrx_word' id='word_1_219' title='bbox 1405 1744 1572 1802; x_wconf 83' lang='lat' dir='ltr'><strong>extrinsecus</strong></span> <span class='ocrx_word' id='word_1_220' title='bbox 1583 1758 1665 1802; x_wconf 87' lang='lat' dir='ltr'><strong>sensu</strong></span> <span class='ocrx_word' id='word_1_221' title='bbox 1676 1746 1801 1820; x_wconf 81' lang='lat' dir='ltr'><strong>carparis</strong></span> <span class='ocrx_word' id='word_1_222' title='bbox 1813 1750 1896 1830; x_wconf 51' lang='lat' dir='ltr'><strong>¹eapi-</strong></span> 
     </span>
    </p>

    <p class='ocr_par' dir='ltr' id='par_1_16' title="bbox 245 1835 1896 1914">
     <span class='ocr_line' id='line_1_17' title="bbox 245 1835 1896 1914; baseline 0.001 -18"><span class='ocrx_word' id='word_1_223' title='bbox 245 1837 339 1910; x_wconf 88' lang='lat' dir='ltr'><strong>simul,</strong></span> <span class='ocrx_word' id='word_1_224' title='bbox 360 1856 414 1896; x_wconf 90' lang='lat' dir='ltr'><strong>noa</strong></span> <span class='ocrx_word' id='word_1_225' title='bbox 430 1839 580 1912; x_wconf 79' lang='lat' dir='ltr'><strong>pluraliter,</strong></span> <span class='ocrx_word' id='word_1_226' title='bbox 594 1839 642 1896; x_wconf 88' lang='lat' dir='ltr'><strong>sod</strong></span> <span class='ocrx_word' id='word_1_227' title='bbox 655 1838 826 1912; x_wconf 69' lang='lat' dir='ltr'><strong>singulariter</strong></span> <span class='ocrx_word' id='word_1_228' title='bbox 844 1839 980 1895; x_wconf 88' lang='lat' dir='ltr'><strong>dicuntur.</strong></span> <span class='ocrx_word' id='word_1_229' title='bbox 1003 1838 1045 1896; x_wconf 80' lang='lat' dir='ltr'><strong>Eo</strong></span> <span class='ocrx_word' id='word_1_230' title='bbox 1097 1849 1167 1904; x_wconf 89' lang='lat' dir='ltr'><strong>mus,</strong></span> <span class='ocrx_word' id='word_1_231' title='bbox 1178 1835 1225 1893; x_wconf 91' lang='lat' dir='ltr'><strong>nbi</strong></span> <span class='ocrx_word' id='word_1_232' title='bbox 1236 1837 1420 1910; x_wconf 84' lang='lat' dir='ltr'><strong>temporaliter</strong></span> <span class='ocrx_word' id='word_1_233' title='bbox 1428 1837 1591 1909; x_wconf 88' lang='lat' dir='ltr'><strong>imprimitur</strong></span> <span class='ocrx_word' id='word_1_234' title='bbox 1602 1851 1691 1896; x_wconf 89' lang='lat' dir='ltr'><strong>rerum</strong></span> <span class='ocrx_word' id='word_1_235' title='bbox 1703 1855 1896 1914; x_wconf 86' lang='lat' dir='ltr'><strong>corporearum</strong></span> 
     </span>
    </p>

    <p class='ocr_par' dir='ltr' id='par_1_17' title="bbox 245 1929 1896 2005">
     <span class='ocr_line' id='line_1_18' title="bbox 245 1929 1896 2005; baseline 0.001 -15"><span class='ocrx_word' id='word_1_236' title='bbox 245 1946 313 1990; x_wconf 76' lang='lat' dir='ltr'><strong>vero</strong></span> <span class='ocrx_word' id='word_1_237' title='bbox 335 1932 396 2000; x_wconf 91' lang='lat' dir='ltr'><strong>trin,</strong></span> <span class='ocrx_word' id='word_1_238' title='bbox 423 1948 477 2005; x_wconf 93' lang='lat' dir='ltr'><strong>quo</strong></span> <span class='ocrx_word' id='word_1_239' title='bbox 501 1933 534 1990; x_wconf 91' lang='lat' dir='ltr'><strong>ad</strong></span> <span class='ocrx_word' id='word_1_240' title='bbox 557 1947 587 1990; x_wconf 90' lang='lat' dir='ltr'><strong>se</strong></span> <span class='ocrx_word' id='word_1_241' title='bbox 607 1932 723 1990; x_wconf 83' lang='lat' dir='ltr'><strong>inuicem</strong></span> <span class='ocrx_word' id='word_1_242' title='bbox 744 1931 914 1989; x_wconf 77' lang='lat' dir='ltr'><strong>referuntur:</strong></span> <span class='ocrx_word' id='word_1_243' title='bbox 940 1945 1000 2004; x_wconf 79' lang='lat' dir='ltr'><strong>qne</strong></span> <span class='ocrx_word' id='word_1_244' title='bbox 1020 1929 1046 1988; x_wconf 91' lang='lat' dir='ltr'><strong>si</strong></span> <span class='ocrx_word' id='word_1_245' title='bbox 1097 1929 1210 1988; x_wconf 82' lang='lat' dir='ltr'><strong>notitia?</strong></span> <span class='ocrx_word' id='word_1_246' title='bbox 1222 1929 1339 1988; x_wconf 87' lang='lat' dir='ltr'><strong>lientem</strong></span> <span class='ocrx_word' id='word_1_247' title='bbox 1352 1929 1451 2004; x_wconf 90' lang='lat' dir='ltr'><strong>qnippe</strong></span> <span class='ocrx_word' id='word_1_248' title='bbox 1465 1931 1551 2004; x_wconf 87' lang='lat' dir='ltr'><strong>ipsam</strong></span> <span class='ocrx_word' id='word_1_249' title='bbox 1570 1931 1598 1988; x_wconf 89' lang='lat' dir='ltr'><strong>iu</strong></span> <span class='ocrx_word' id='word_1_250' title='bbox 1610 1933 1741 1990; x_wconf 86' lang='lat' dir='ltr'><strong>memoria</strong></span> <span class='ocrx_word' id='word_1_251' title='bbox 1752 1943 1781 1992; x_wconf 88' lang='lat' dir='ltr'><strong>et</strong></span> <span class='ocrx_word' id='word_1_252' title='bbox 1794 1937 1896 1994; x_wconf 90' lang='lat' dir='ltr'><strong>intelli·</strong></span> 
     </span>
    </p>

    <p class='ocr_par' dir='ltr' id='par_1_18' title="bbox 246 2020 1895 2099">
     <span class='ocr_line' id='line_1_19' title="bbox 246 2020 1895 2099; baseline 0.001 -17"><span class='ocrx_word' id='word_1_253' title='bbox 246 2025 362 2097; x_wconf 83' lang='lat' dir='ltr'><strong>aequalia</strong></span> <span class='ocrx_word' id='word_1_254' title='bbox 377 2041 431 2081; x_wconf 93' lang='lat' dir='ltr'><strong>non</strong></span> <span class='ocrx_word' id='word_1_255' title='bbox 444 2032 546 2093; x_wconf 85' lang='lat' dir='ltr'><strong>essent,</strong></span> <span class='ocrx_word' id='word_1_256' title='bbox 562 2040 616 2081; x_wconf 93' lang='lat' dir='ltr'><strong>non</strong></span> <span class='ocrx_word' id='word_1_257' title='bbox 631 2024 719 2081; x_wconf 91' lang='lat' dir='ltr'><strong>solnm</strong></span> <span class='ocrx_word' id='word_1_258' title='bbox 732 2023 837 2097; x_wconf 89' lang='lat' dir='ltr'><strong>singula</strong></span> <span class='ocrx_word' id='word_1_259' title='bbox 853 2023 975 2096; x_wconf 66' lang='lat' dir='ltr'><strong>ungulis,</strong></span> <span class='ocrx_word' id='word_1_260' title='bbox 996 2021 1046 2080; x_wconf 87' lang='lat' dir='ltr'><strong>sed</strong></span> <span class='ocrx_word' id='word_1_261' title='bbox 1098 2020 1187 2094; x_wconf 78' lang='lat' dir='ltr'><strong>gentio</strong></span> <span class='ocrx_word' id='word_1_262' title='bbox 1199 2029 1226 2078; x_wconf 90' lang='lat' dir='ltr'><strong>et</strong></span> <span class='ocrx_word' id='word_1_263' title='bbox 1238 2023 1374 2080; x_wconf 84' lang='lat' dir='ltr'><strong>voluntate</strong></span> <span class='ocrx_word' id='word_1_264' title='bbox 1393 2022 1575 2096; x_wconf 81' lang='lat' dir='ltr'><strong>suimetipsius</strong></span> <span class='ocrx_word' id='word_1_265' title='bbox 1585 2024 1667 2081; x_wconf 63' lang='lat' dir='ltr'><strong>mern</strong></span> <span class='ocrx_word' id='word_1_266' title='bbox 1682 2025 1895 2099; x_wconf 88' lang='lat' dir='ltr'><strong>reperiebamus,</strong></span> 
     </span>
    </p>

    <p class='ocr_par' dir='ltr' id='par_1_19' title="bbox 246 2108 1896 2190">
     <span class='ocr_line' id='line_1_20' title="bbox 246 2108 1896 2190; baseline 0.002 -16"><span class='ocrx_word' id='word_1_267' title='bbox 246 2117 328 2174; x_wconf 89' lang='lat' dir='ltr'><strong>etiam</strong></span> <span class='ocrx_word' id='word_1_268' title='bbox 342 2115 466 2173; x_wconf 91' lang='lat' dir='ltr'><strong>omnibus</strong></span> <span class='ocrx_word' id='word_1_269' title='bbox 479 2116 583 2190; x_wconf 86' lang='lat' dir='ltr'><strong>singula</strong></span> <span class='ocrx_word' id='word_1_270' title='bbox 597 2133 605 2184; x_wconf 88' lang='lat'><strong>;</strong></span> <span class='ocrx_word' id='word_1_271' title='bbox 624 2131 677 2174; x_wconf 94' lang='lat' dir='ltr'><strong>non</strong></span> <span class='ocrx_word' id='word_1_272' title='bbox 691 2108 783 2188; x_wconf 89' lang='lat' dir='ltr'><strong>ntique</strong></span> <span class='ocrx_word' id='word_1_273' title='bbox 794 2130 825 2173; x_wconf 91' lang='lat' dir='ltr'><strong>se</strong></span> <span class='ocrx_word' id='word_1_274' title='bbox 837 2115 951 2172; x_wconf 83' lang='lat' dir='ltr'><strong>invicem</strong></span> <span class='ocrx_word' id='word_1_275' title='bbox 963 2129 1045 2188; x_wconf 88' lang='lat' dir='ltr'><strong>cape·</strong></span> <span class='ocrx_word' id='word_1_276' title='bbox 1098 2120 1126 2170; x_wconf 87' lang='lat' dir='ltr'><strong>ut</strong></span> <span class='ocrx_word' id='word_1_277' title='bbox 1135 2114 1260 2186; x_wconf 87' lang='lat' dir='ltr'><strong>qnoniam</strong></span> <span class='ocrx_word' id='word_1_278' title='bbox 1269 2127 1413 2186; x_wconf 91' lang='lat' dir='ltr'><strong>semperse</strong></span> <span class='ocrx_word' id='word_1_279' title='bbox 1423 2129 1505 2172; x_wconf 90' lang='lat' dir='ltr'><strong>nosse</strong></span> <span class='ocrx_word' id='word_1_280' title='bbox 1514 2129 1674 2188; x_wconf 85' lang='lat' dir='ltr'><strong>semperque</strong></span> <span class='ocrx_word' id='word_1_281' title='bbox 1686 2116 1810 2190; x_wconf 90' lang='lat' dir='ltr'><strong>seipsam</strong></span> <span class='ocrx_word' id='word_1_282' title='bbox 1825 2119 1896 2177; x_wconf 79' lang='lat' dir='ltr'><strong>velle</strong></span> 
     </span>
    </p>

    <p class='ocr_par' dir='ltr' id='par_1_20' title="bbox 245 2204 1896 2280">
     <span class='ocr_line' id='line_1_21' title="bbox 245 2204 1896 2280; baseline 0.002 -15"><span class='ocrx_word' id='word_1_283' title='bbox 245 2217 319 2266; x_wconf 87' lang='lat' dir='ltr'><strong>rent.</strong></span> <span class='ocrx_word' id='word_1_284' title='bbox 341 2208 435 2280; x_wconf 87' lang='lat' dir='ltr'><strong>Neque</strong></span> <span class='ocrx_word' id='word_1_285' title='bbox 446 2207 518 2264; x_wconf 87' lang='lat' dir='ltr'><strong>enim</strong></span> <span class='ocrx_word' id='word_1_286' title='bbox 539 2204 673 2264; x_wconf 80' lang='lat' dir='ltr'><strong>untdma</strong></span> <span class='ocrx_word' id='word_1_287' title='bbox 691 2206 803 2280; x_wconf 87' lang='lat' dir='ltr'><strong>singulis</strong></span> <span class='ocrx_word' id='word_1_288' title='bbox 817 2206 930 2280; x_wconf 87' lang='lat' dir='ltr'><strong>singula,</strong></span> <span class='ocrx_word' id='word_1_289' title='bbox 950 2221 1046 2264; x_wconf 83' lang='lat' dir='ltr'><strong>nerum</strong></span> <span class='ocrx_word' id='word_1_290' title='bbox 1098 2205 1896 2280; x_wconf 78' lang='lat' dir='ltr'><strong>nompmnenlebannr,slmnleuamsempersmnmnmisse,</strong></span> 
     </span>
    </p>

    <p class='ocr_par' dir='ltr' id='par_1_21' title="bbox 246 2277 1999 2376">
     <span class='ocr_line' id='line_1_22' title="bbox 246 2277 1999 2376; baseline 0.001 -16"><span class='ocrx_word' id='word_1_291' title='bbox 246 2304 329 2360; x_wconf 89' lang='lat' dir='ltr'><strong>etiam</strong></span> <span class='ocrx_word' id='word_1_292' title='bbox 351 2301 490 2374; x_wconf 87' lang='lat' dir='ltr'><strong>asingulis</strong></span> <span class='ocrx_word' id='word_1_293' title='bbox 504 2301 594 2358; x_wconf 90' lang='lat' dir='ltr'><strong>omnia</strong></span> <span class='ocrx_word' id='word_1_294' title='bbox 615 2300 767 2372; x_wconf 66' lang='lat' dir='ltr'><strong>muuntpr.</strong></span> <span class='ocrx_word' id='word_1_295' title='bbox 788 2298 981 2356; x_wconf 87' lang='lat' dir='ltr'><strong>lleminienim</strong></span> <span class='ocrx_word' id='word_1_296' title='bbox 1000 2308 1046 2356; x_wconf 90' lang='lat' dir='ltr'><strong>me</strong></span> <span class='ocrx_word' id='word_1_297' title='bbox 1098 2313 1258 2374; x_wconf 82' lang='lat' dir='ltr'><strong>semperque</strong></span> <span class='ocrx_word' id='word_1_298' title='bbox 1280 2301 1416 2372; x_wconf 86' lang='lat' dir='ltr'><strong>seipsam</strong></span> <span class='ocrx_word' id='word_1_299' title='bbox 1439 2299 1587 2374; x_wconf 88' lang='lat' dir='ltr'><strong>intelligere</strong></span> <span class='ocrx_word' id='word_1_300' title='bbox 1610 2308 1751 2360; x_wconf 83' lang='lat' dir='ltr'><strong>etamare</strong></span> <span class='ocrx_word' id='word_1_301' title='bbox 1769 2315 1897 2376; x_wconf 87' lang='lat' dir='ltr'><strong>compre-</strong></span> <span class='ocrx_word' id='word_1_302' title='bbox 1989 2277 1999 2304; x_wconf 75' lang='lat'>⁸</span> 
     </span>
    </p>

    <p class='ocr_par' dir='ltr' id='par_1_22' title="bbox 245 2392 1899 2468">
     <span class='ocr_line' id='line_1_23' title="bbox 245 2392 1899 2468; baseline 0.001 -16"><span class='ocrx_word' id='word_1_303' title='bbox 245 2392 349 2452; x_wconf 87' lang='lat' dir='ltr'><strong>babere</strong></span> <span class='ocrx_word' id='word_1_304' title='bbox 368 2394 535 2461; x_wconf 89' lang='lat' dir='ltr'><strong>memoriam,</strong></span> <span class='ocrx_word' id='word_1_305' title='bbox 552 2403 579 2451; x_wconf 91' lang='lat' dir='ltr'><strong>et</strong></span> <span class='ocrx_word' id='word_1_306' title='bbox 595 2392 810 2465; x_wconf 89' lang='lat' dir='ltr'><strong>intelligentiam,</strong></span> <span class='ocrx_word' id='word_1_307' title='bbox 822 2399 850 2449; x_wconf 90' lang='lat' dir='ltr'><strong>et</strong></span> <span class='ocrx_word' id='word_1_308' title='bbox 862 2392 1045 2461; x_wconf 78' lang='lat' dir='ltr'><strong>voluntatem3</strong></span> <span class='ocrx_word' id='word_1_309' title='bbox 1098 2393 1278 2463; x_wconf 90' lang='lat' dir='ltr'><strong>benderetur;</strong></span> <span class='ocrx_word' id='word_1_310' title='bbox 1293 2393 1415 2466; x_wconf 82' lang='lat' dir='ltr'><strong>quamuis</strong></span> <span class='ocrx_word' id='word_1_311' title='bbox 1432 2407 1486 2450; x_wconf 92' lang='lat' dir='ltr'><strong>non</strong></span> <span class='ocrx_word' id='word_1_312' title='bbox 1498 2409 1607 2465; x_wconf 84' lang='lat' dir='ltr'><strong>semper</strong></span> <span class='ocrx_word' id='word_1_313' title='bbox 1618 2409 1649 2452; x_wconf 92' lang='lat' dir='ltr'><strong>se</strong></span> <span class='ocrx_word' id='word_1_314' title='bbox 1661 2395 1899 2468; x_wconf 86' lang='lat' dir='ltr'><strong>eogitaredisere-</strong></span> 
     </span>
    </p>

    <p class='ocr_par' dir='ltr' id='par_1_23' title="bbox 246 2484 1899 2560">
     <span class='ocr_line' id='line_1_24' title="bbox 246 2484 1899 2560; baseline 0.003 -18"><span class='ocrx_word' id='word_1_315' title='bbox 246 2493 276 2542; x_wconf 92' lang='lat' dir='ltr'><strong>et</strong></span> <span class='ocrx_word' id='word_1_316' title='bbox 288 2485 408 2558; x_wconf 87' lang='lat' dir='ltr'><strong>intelligo</strong></span> <span class='ocrx_word' id='word_1_317' title='bbox 422 2502 465 2542; x_wconf 91' lang='lat' dir='ltr'><strong>me</strong></span> <span class='ocrx_word' id='word_1_318' title='bbox 477 2485 636 2559; x_wconf 89' lang='lat' dir='ltr'><strong>intelligere,</strong></span> <span class='ocrx_word' id='word_1_319' title='bbox 650 2492 677 2542; x_wconf 89' lang='lat' dir='ltr'><strong>et</strong></span> <span class='ocrx_word' id='word_1_320' title='bbox 690 2484 770 2554; x_wconf 82' lang='lat' dir='ltr'><strong>selle,</strong></span> <span class='ocrx_word' id='word_1_321' title='bbox 783 2493 863 2557; x_wconf 86' lang='lat' dir='ltr'><strong>atque</strong></span> <span class='ocrx_word' id='word_1_322' title='bbox 872 2485 1045 2554; x_wconf 89' lang='lat' dir='ltr'><strong>meminisse;</strong></span> <span class='ocrx_word' id='word_1_323' title='bbox 1098 2492 1153 2544; x_wconf 73' lang='lat' dir='ltr'><strong>um</strong></span> <span class='ocrx_word' id='word_1_324' title='bbox 1166 2485 1201 2542; x_wconf 91' lang='lat' dir='ltr'><strong>ab</strong></span> <span class='ocrx_word' id='word_1_325' title='bbox 1212 2485 1252 2543; x_wconf 90' lang='lat' dir='ltr'><strong>eis</strong></span> <span class='ocrx_word' id='word_1_326' title='bbox 1261 2500 1320 2558; x_wconf 80' lang='lat' dir='ltr'><strong>quae</strong></span> <span class='ocrx_word' id='word_1_327' title='bbox 1337 2501 1390 2543; x_wconf 92' lang='lat' dir='ltr'><strong>non</strong></span> <span class='ocrx_word' id='word_1_328' title='bbox 1403 2493 1476 2553; x_wconf 87' lang='lat' dir='ltr'><strong>sunt,</strong></span> <span class='ocrx_word' id='word_1_329' title='bbox 1495 2485 1567 2558; x_wconf 91' lang='lat' dir='ltr'><strong>quod</strong></span> <span class='ocrx_word' id='word_1_330' title='bbox 1579 2486 1637 2558; x_wconf 89' lang='lat' dir='ltr'><strong>ipsa</strong></span> <span class='ocrx_word' id='word_1_331' title='bbox 1651 2495 1694 2544; x_wconf 87' lang='lat' dir='ltr'><strong>est</strong></span> <span class='ocrx_word' id='word_1_332' title='bbox 1708 2503 1716 2543; x_wconf 80' lang='lat' dir='ltr'><strong>a</strong></span> <span class='ocrx_word' id='word_1_333' title='bbox 1739 2502 1773 2544; x_wconf 89' lang='lat' dir='ltr'><strong>ac</strong></span> <span class='ocrx_word' id='word_1_334' title='bbox 1784 2503 1834 2560; x_wconf 87' lang='lat' dir='ltr'><strong>per</strong></span> <span class='ocrx_word' id='word_1_335' title='bbox 1846 2489 1899 2548; x_wconf 89' lang='lat' dir='ltr'><strong>hoc</strong></span> 
     </span>
    </p>

    <p class='ocr_par' dir='ltr' id='par_1_24' title="bbox 245 2576 1899 2654">
     <span class='ocr_line' id='line_1_25' title="bbox 245 2576 1899 2654; baseline 0.001 -17"><span class='ocrx_word' id='word_1_336' title='bbox 245 2588 276 2637; x_wconf 93' lang='lat' dir='ltr'><strong>et</strong></span> <span class='ocrx_word' id='word_1_337' title='bbox 294 2580 356 2637; x_wconf 83' lang='lat' dir='ltr'><strong>nolo</strong></span> <span class='ocrx_word' id='word_1_338' title='bbox 376 2595 421 2638; x_wconf 90' lang='lat' dir='ltr'><strong>me</strong></span> <span class='ocrx_word' id='word_1_339' title='bbox 438 2580 518 2648; x_wconf 85' lang='lat' dir='ltr'><strong>nelle,</strong></span> <span class='ocrx_word' id='word_1_340' title='bbox 538 2590 567 2638; x_wconf 93' lang='lat' dir='ltr'><strong>et</strong></span> <span class='ocrx_word' id='word_1_341' title='bbox 583 2581 750 2648; x_wconf 88' lang='lat' dir='ltr'><strong>meminisse,</strong></span> <span class='ocrx_word' id='word_1_342' title='bbox 774 2588 802 2638; x_wconf 90' lang='lat' dir='ltr'><strong>et</strong></span> <span class='ocrx_word' id='word_1_343' title='bbox 824 2579 982 2654; x_wconf 88' lang='lat' dir='ltr'><strong>intelligere,</strong></span> <span class='ocrx_word' id='word_1_344' title='bbox 1001 2588 1046 2637; x_wconf 94' lang='lat' dir='ltr'><strong>to·</strong></span> <span class='ocrx_word' id='word_1_345' title='bbox 1098 2577 1206 2636; x_wconf 83' lang='lat' dir='ltr'><strong>dilsseile</strong></span> <span class='ocrx_word' id='word_1_346' title='bbox 1217 2577 1242 2634; x_wconf 93' lang='lat' dir='ltr'><strong>ln</strong></span> <span class='ocrx_word' id='word_1_347' title='bbox 1254 2593 1286 2635; x_wconf 92' lang='lat' dir='ltr'><strong>ea</strong></span> <span class='ocrx_word' id='word_1_348' title='bbox 1298 2577 1464 2650; x_wconf 88' lang='lat' dir='ltr'><strong>dignoscitur</strong></span> <span class='ocrx_word' id='word_1_349' title='bbox 1474 2576 1603 2635; x_wconf 82' lang='lat' dir='ltr'><strong>merumia</strong></span> <span class='ocrx_word' id='word_1_350' title='bbox 1614 2577 1668 2646; x_wconf 91' lang='lat' dir='ltr'><strong>sui,</strong></span> <span class='ocrx_word' id='word_1_351' title='bbox 1681 2586 1712 2635; x_wconf 90' lang='lat' dir='ltr'><strong>et</strong></span> <span class='ocrx_word' id='word_1_352' title='bbox 1720 2578 1899 2651; x_wconf 87' lang='lat' dir='ltr'><strong>intelligentia</strong></span> 
     </span>
    </p>

    <p class='ocr_par' dir='ltr' id='par_1_25' title="bbox 247 2667 2013 2746">
     <span class='ocr_line' id='line_1_26' title="bbox 247 2667 2013 2746; baseline -0.001 -16"><span class='ocrx_word' id='word_1_353' title='bbox 247 2683 358 2746; x_wconf 72' lang='lat' dir='ltr'><strong>umque</strong></span> <span class='ocrx_word' id='word_1_354' title='bbox 379 2688 468 2731; x_wconf 89' lang='lat' dir='ltr'><strong>meam</strong></span> <span class='ocrx_word' id='word_1_355' title='bbox 490 2673 660 2743; x_wconf 87' lang='lat' dir='ltr'><strong>memoriam,</strong></span> <span class='ocrx_word' id='word_1_356' title='bbox 684 2681 711 2730; x_wconf 92' lang='lat' dir='ltr'><strong>et</strong></span> <span class='ocrx_word' id='word_1_357' title='bbox 725 2672 939 2745; x_wconf 89' lang='lat' dir='ltr'><strong>intelligentiam,</strong></span> <span class='ocrx_word' id='word_1_358' title='bbox 959 2681 1046 2729; x_wconf 84' lang='lat' dir='ltr'><strong>etso-</strong></span> <span class='ocrx_word' id='word_1_359' title='bbox 1098 2669 1151 2726; x_wconf 89' lang='lat' dir='ltr'><strong>sui.</strong></span> <span class='ocrx_word' id='word_1_360' title='bbox 1166 2668 1248 2740; x_wconf 88' lang='lat' dir='ltr'><strong>Quasi</strong></span> <span class='ocrx_word' id='word_1_361' title='bbox 1259 2669 1330 2727; x_wconf 92' lang='lat' dir='ltr'><strong>enim</strong></span> <span class='ocrx_word' id='word_1_362' title='bbox 1345 2684 1398 2725; x_wconf 93' lang='lat' dir='ltr'><strong>non</strong></span> <span class='ocrx_word' id='word_1_363' title='bbox 1412 2669 1467 2726; x_wconf 91' lang='lat' dir='ltr'><strong>sint</strong></span> <span class='ocrx_word' id='word_1_364' title='bbox 1479 2669 1537 2726; x_wconf 83' lang='lat' dir='ltr'><strong>lusce</strong></span> <span class='ocrx_word' id='word_1_365' title='bbox 1548 2669 1613 2739; x_wconf 91' lang='lat' dir='ltr'><strong>duo,</strong></span> <span class='ocrx_word' id='word_1_366' title='bbox 1630 2668 1679 2726; x_wconf 89' lang='lat' dir='ltr'><strong>sed</strong></span> <span class='ocrx_word' id='word_1_367' title='bbox 1693 2671 1776 2726; x_wconf 88' lang='lat' dir='ltr'><strong>unuin</strong></span> <span class='ocrx_word' id='word_1_368' title='bbox 1788 2670 1898 2728; x_wconf 84' lang='lat' dir='ltr'><strong>duobus</strong></span> <span class='ocrx_word' id='word_1_369' title='bbox 2012 2667 2013 2676; x_wconf 73' lang='grc'>’</span> 
     </span>
    </p>

    <p class='ocr_par' dir='ltr' id='par_1_26' title="bbox 247 2761 1898 2836">
     <span class='ocr_line' id='line_1_27' title="bbox 247 2761 1898 2836; baseline -0.001 -12"><span class='ocrx_word' id='word_1_370' title='bbox 247 2767 380 2824; x_wconf 86' lang='lat' dir='ltr'><strong>luntatem</strong></span> <span class='ocrx_word' id='word_1_371' title='bbox 405 2767 486 2824; x_wconf 89' lang='lat' dir='ltr'><strong>simul</strong></span> <span class='ocrx_word' id='word_1_372' title='bbox 498 2767 618 2824; x_wconf 86' lang='lat' dir='ltr'><strong>memini.</strong></span> <span class='ocrx_word' id='word_1_373' title='bbox 632 2767 710 2836; x_wconf 93' lang='lat' dir='ltr'><strong>Quod</strong></span> <span class='ocrx_word' id='word_1_374' title='bbox 728 2768 800 2826; x_wconf 88' lang='lat' dir='ltr'><strong>euim</strong></span> <span class='ocrx_word' id='word_1_375' title='bbox 822 2766 958 2822; x_wconf 74' lang='lat' dir='ltr'><strong>messoriae</strong></span> <span class='ocrx_word' id='word_1_376' title='bbox 977 2780 1046 2822; x_wconf 79' lang='lat' dir='ltr'><strong>ntem</strong></span> <span class='ocrx_word' id='word_1_377' title='bbox 1098 2761 1234 2819; x_wconf 81' lang='lat' dir='ltr'><strong>vocabulis</strong></span> <span class='ocrx_word' id='word_1_378' title='bbox 1252 2761 1412 2835; x_wconf 73' lang='lat' dir='ltr'><strong>appelletur,</strong></span> <span class='ocrx_word' id='word_1_379' title='bbox 1430 2763 1469 2818; x_wconf 88' lang='lat' dir='ltr'><strong>sic</strong></span> <span class='ocrx_word' id='word_1_380' title='bbox 1489 2771 1600 2834; x_wconf 91' lang='lat' dir='ltr'><strong>apparet</strong></span> <span class='ocrx_word' id='word_1_381' title='bbox 1613 2761 1640 2818; x_wconf 89' lang='lat' dir='ltr'><strong>in</strong></span> <span class='ocrx_word' id='word_1_382' title='bbox 1660 2777 1692 2818; x_wconf 85' lang='lat' dir='ltr'><strong>ea</strong></span> <span class='ocrx_word' id='word_1_383' title='bbox 1706 2777 1737 2820; x_wconf 91' lang='lat' dir='ltr'><strong>re</strong></span> <span class='ocrx_word' id='word_1_384' title='bbox 1753 2762 1799 2820; x_wconf 89' lang='lat' dir='ltr'><strong>ubi</strong></span> <span class='ocrx_word' id='word_1_385' title='bbox 1816 2764 1898 2822; x_wconf 79' lang='lat' dir='ltr'><strong>valde</strong></span> 
     </span>
    </p>

    <p class='ocr_par' dir='ltr' id='par_1_27' title="bbox 246 2853 1919 2928">
     <span class='ocr_line' id='line_1_28' title="bbox 246 2853 1919 2928; baseline -0.001 -12"><span class='ocrx_word' id='word_1_386' title='bbox 246 2873 302 2916; x_wconf 91' lang='lat' dir='ltr'><strong>non</strong></span> <span class='ocrx_word' id='word_1_387' title='bbox 317 2858 436 2924; x_wconf 90' lang='lat' dir='ltr'><strong>memini,</strong></span> <span class='ocrx_word' id='word_1_388' title='bbox 451 2867 561 2916; x_wconf 90' lang='lat' dir='ltr'><strong>nonest</strong></span> <span class='ocrx_word' id='word_1_389' title='bbox 577 2859 604 2914; x_wconf 91' lang='lat' dir='ltr'><strong>in</strong></span> <span class='ocrx_word' id='word_1_390' title='bbox 622 2860 751 2916; x_wconf 90' lang='lat' dir='ltr'><strong>memoria</strong></span> <span class='ocrx_word' id='word_1_391' title='bbox 773 2873 844 2917; x_wconf 89' lang='lat' dir='ltr'><strong>mea.</strong></span> <span class='ocrx_word' id='word_1_392' title='bbox 862 2859 935 2915; x_wconf 85' lang='lat' dir='ltr'><strong>Nihil</strong></span> <span class='ocrx_word' id='word_1_393' title='bbox 956 2866 1045 2915; x_wconf 91' lang='lat' dir='ltr'><strong>antem</strong></span> <span class='ocrx_word' id='word_1_394' title='bbox 1099 2855 1150 2912; x_wconf 90' lang='lat' dir='ltr'><strong>ista</strong></span> <span class='ocrx_word' id='word_1_395' title='bbox 1173 2853 1315 2928; x_wconf 79' lang='lat' dir='ltr'><strong>coniuncta</strong></span> <span class='ocrx_word' id='word_1_396' title='bbox 1333 2863 1405 2924; x_wconf 89' lang='lat' dir='ltr'><strong>sunt,</strong></span> <span class='ocrx_word' id='word_1_397' title='bbox 1431 2862 1459 2912; x_wconf 93' lang='lat' dir='ltr'><strong>et</strong></span> <span class='ocrx_word' id='word_1_398' title='bbox 1471 2853 1543 2911; x_wconf 87' lang='lat' dir='ltr'><strong>aliud</strong></span> <span class='ocrx_word' id='word_1_399' title='bbox 1564 2853 1618 2912; x_wconf 91' lang='lat' dir='ltr'><strong>alio</strong></span> <span class='ocrx_word' id='word_1_400' title='bbox 1640 2855 1714 2911; x_wconf 91' lang='lat' dir='ltr'><strong>nullo</strong></span> <span class='ocrx_word' id='word_1_401' title='bbox 1735 2855 1919 2927; x_wconf 82' lang='lat' dir='ltr'><strong>praeceditur·</strong></span> 
     </span>
    </p>

    <p class='ocr_par' dir='ltr' id='par_1_28' title="bbox 247 2946 1898 3021">
     <span class='ocr_line' id='line_1_29' title="bbox 247 2946 1898 3021; baseline 0.001 -15"><span class='ocrx_word' id='word_1_402' title='bbox 247 2957 304 3006; x_wconf 74' lang='lat' dir='ltr'><strong>mm</strong></span> <span class='ocrx_word' id='word_1_403' title='bbox 337 2947 364 3005; x_wconf 92' lang='lat' dir='ltr'><strong>in</strong></span> <span class='ocrx_word' id='word_1_404' title='bbox 396 2949 537 3018; x_wconf 90' lang='lat' dir='ltr'><strong>memoria,</strong></span> <span class='ocrx_word' id='word_1_405' title='bbox 563 2963 643 3021; x_wconf 90' lang='lat' dir='ltr'><strong>qnam</strong></span> <span class='ocrx_word' id='word_1_406' title='bbox 667 2950 724 3021; x_wconf 83' lang='lat' dir='ltr'><strong>ipsa</strong></span> <span class='ocrx_word' id='word_1_407' title='bbox 750 2950 878 3007; x_wconf 87' lang='lat' dir='ltr'><strong>memoria</strong></span> <span class='ocrx_word' id='word_1_408' title='bbox 901 2956 952 3005; x_wconf 88' lang='lat' dir='ltr'><strong>est.</strong></span> <span class='ocrx_word' id='word_1_409' title='bbox 989 2947 1047 3006; x_wconf 92' lang='lat' dir='ltr'><strong>To·</strong></span> <span class='ocrx_word' id='word_1_410' title='bbox 1099 2954 1236 3019; x_wconf 88' lang='lat' dir='ltr'><strong>tempore:</strong></span> <span class='ocrx_word' id='word_1_411' title='bbox 1256 2946 1462 3018; x_wconf 89' lang='lat' dir='ltr'><strong>amorqueipse</strong></span> <span class='ocrx_word' id='word_1_412' title='bbox 1484 2946 1593 3003; x_wconf 90' lang='lat' dir='ltr'><strong>nonita</strong></span> <span class='ocrx_word' id='word_1_413' title='bbox 1613 2947 1727 3004; x_wconf 89' lang='lat' dir='ltr'><strong>sentitur</strong></span> <span class='ocrx_word' id='word_1_414' title='bbox 1739 2961 1811 3017; x_wconf 87' lang='lat' dir='ltr'><strong>esse,</strong></span> <span class='ocrx_word' id='word_1_415' title='bbox 1835 2964 1898 3007; x_wconf 86' lang='lat' dir='ltr'><strong>cusu</strong></span> 
     </span>
    </p>

    <p class='ocr_par' dir='ltr' id='par_1_29' title="bbox 247 3037 1898 3112">
     <span class='ocr_line' id='line_1_30' title="bbox 247 3037 1898 3112; baseline 0.001 -15"><span class='ocrx_word' id='word_1_416' title='bbox 247 3048 303 3097; x_wconf 89' lang='lat' dir='ltr'><strong>tam</strong></span> <span class='ocrx_word' id='word_1_417' title='bbox 323 3039 404 3111; x_wconf 89' lang='lat' dir='ltr'><strong>igilur</strong></span> <span class='ocrx_word' id='word_1_418' title='bbox 422 3040 543 3098; x_wconf 90' lang='lat' dir='ltr'><strong>memini.</strong></span> <span class='ocrx_word' id='word_1_419' title='bbox 569 3041 635 3098; x_wconf 92' lang='lat' dir='ltr'><strong>ltem</strong></span> <span class='ocrx_word' id='word_1_420' title='bbox 655 3039 782 3112; x_wconf 89' lang='lat' dir='ltr'><strong>quidquid</strong></span> <span class='ocrx_word' id='word_1_421' title='bbox 802 3040 932 3112; x_wconf 86' lang='lat' dir='ltr'><strong>intelligo,</strong></span> <span class='ocrx_word' id='word_1_422' title='bbox 946 3039 1047 3097; x_wconf 89' lang='lat' dir='ltr'><strong>iutelli-</strong></span> <span class='ocrx_word' id='word_1_423' title='bbox 1099 3053 1161 3096; x_wconf 78' lang='lat' dir='ltr'><strong>euin</strong></span> <span class='ocrx_word' id='word_1_424' title='bbox 1180 3053 1234 3096; x_wconf 93' lang='lat' dir='ltr'><strong>non</strong></span> <span class='ocrx_word' id='word_1_425' title='bbox 1246 3037 1336 3111; x_wconf 90' lang='lat' dir='ltr'><strong>prudlt</strong></span> <span class='ocrx_word' id='word_1_426' title='bbox 1347 3037 1502 3110; x_wconf 85' lang='lat' dir='ltr'><strong>indigentia,</strong></span> <span class='ocrx_word' id='word_1_427' title='bbox 1518 3037 1645 3110; x_wconf 77' lang='lat' dir='ltr'><strong>quosnam</strong></span> <span class='ocrx_word' id='word_1_428' title='bbox 1659 3039 1784 3110; x_wconf 87' lang='lat' dir='ltr'><strong>semper¹</strong></span> <span class='ocrx_word' id='word_1_429' title='bbox 1797 3051 1898 3112; x_wconf 79' lang='lat' dir='ltr'><strong>presto</strong></span> 
     </span>
    </p>

    <p class='ocr_par' dir='ltr' id='par_1_30' title="bbox 245 3129 1899 3208">
     <span class='ocr_line' id='line_1_31' title="bbox 245 3129 1899 3208; baseline -0.001 -17"><span class='ocrx_word' id='word_1_430' title='bbox 245 3147 313 3208; x_wconf 86' lang='lat' dir='ltr'><strong>gere</strong></span> <span class='ocrx_word' id='word_1_431' title='bbox 325 3148 370 3190; x_wconf 91' lang='lat' dir='ltr'><strong>me</strong></span> <span class='ocrx_word' id='word_1_432' title='bbox 382 3134 449 3202; x_wconf 90' lang='lat' dir='ltr'><strong>scio,</strong></span> <span class='ocrx_word' id='word_1_433' title='bbox 465 3142 493 3190; x_wconf 91' lang='lat' dir='ltr'><strong>et</strong></span> <span class='ocrx_word' id='word_1_434' title='bbox 512 3135 569 3191; x_wconf 90' lang='lat' dir='ltr'><strong>seio</strong></span> <span class='ocrx_word' id='word_1_435' title='bbox 580 3149 624 3192; x_wconf 93' lang='lat' dir='ltr'><strong>me</strong></span> <span class='ocrx_word' id='word_1_436' title='bbox 635 3134 704 3192; x_wconf 81' lang='lat' dir='ltr'><strong>uelle</strong></span> <span class='ocrx_word' id='word_1_437' title='bbox 717 3132 846 3206; x_wconf 89' lang='lat' dir='ltr'><strong>quidquid</strong></span> <span class='ocrx_word' id='word_1_438' title='bbox 858 3134 920 3190; x_wconf 83' lang='lat' dir='ltr'><strong>solo</strong></span> <span class='ocrx_word' id='word_1_439' title='bbox 938 3152 945 3189; x_wconf 76' lang='grc' dir='ltr'><strong>ε</strong></span> <span class='ocrx_word' id='word_1_440' title='bbox 966 3133 1046 3206; x_wconf 86' lang='lat' dir='ltr'><strong>quid·</strong></span> <span class='ocrx_word' id='word_1_441' title='bbox 1098 3139 1142 3189; x_wconf 86' lang='lat' dir='ltr'><strong>est</strong></span> <span class='ocrx_word' id='word_1_442' title='bbox 1160 3130 1232 3203; x_wconf 91' lang='lat' dir='ltr'><strong>qnod</strong></span> <span class='ocrx_word' id='word_1_443' title='bbox 1250 3139 1364 3188; x_wconf 87' lang='lat' dir='ltr'><strong>amatur.</strong></span> <span class='ocrx_word' id='word_1_444' title='bbox 1385 3130 1554 3202; x_wconf 82' lang='lat' dir='ltr'><strong>Quapropter</strong></span> <span class='ocrx_word' id='word_1_445' title='bbox 1574 3131 1655 3187; x_wconf 91' lang='lat' dir='ltr'><strong>etiam</strong></span> <span class='ocrx_word' id='word_1_446' title='bbox 1674 3129 1837 3190; x_wconf 83' lang='lat' dir='ltr'><strong>tardioribus</strong></span> <span class='ocrx_word' id='word_1_447' title='bbox 1854 3133 1899 3190; x_wconf 89' lang='lat' dir='ltr'><strong>di·</strong></span> 
     </span>
    </p>

    <p class='ocr_par' dir='ltr' id='par_1_31' title="bbox 246 3221 1898 3298">
     <span class='ocr_line' id='line_1_32' title="bbox 246 3221 1898 3298; baseline 0.001 -18"><span class='ocrx_word' id='word_1_448' title='bbox 246 3223 313 3298; x_wconf 82' lang='lat' dir='ltr'><strong>quid</strong></span> <span class='ocrx_word' id='word_1_449' title='bbox 324 3231 414 3281; x_wconf 91' lang='lat' dir='ltr'><strong>autem</strong></span> <span class='ocrx_word' id='word_1_450' title='bbox 426 3224 483 3282; x_wconf 88' lang='lat' dir='ltr'><strong>seio</strong></span> <span class='ocrx_word' id='word_1_451' title='bbox 492 3224 613 3282; x_wconf 90' lang='lat' dir='ltr'><strong>memini.</strong></span> <span class='ocrx_word' id='word_1_452' title='bbox 628 3223 725 3281; x_wconf 91' lang='lat' dir='ltr'><strong>Totam</strong></span> <span class='ocrx_word' id='word_1_453' title='bbox 738 3223 818 3298; x_wconf 88' lang='lat' dir='ltr'><strong>igitur</strong></span> <span class='ocrx_word' id='word_1_454' title='bbox 830 3224 1045 3297; x_wconf 90' lang='lat' dir='ltr'><strong>intelligentiam,</strong></span> <span class='ocrx_word' id='word_1_455' title='bbox 1099 3221 1234 3281; x_wconf 86' lang='lat' dir='ltr'><strong>lucescere</strong></span> <span class='ocrx_word' id='word_1_456' title='bbox 1256 3223 1314 3282; x_wconf 77' lang='lat' dir='ltr'><strong>bae</strong></span> <span class='ocrx_word' id='word_1_457' title='bbox 1335 3231 1456 3297; x_wconf 87' lang='lat' dir='ltr'><strong>possunt,</strong></span> <span class='ocrx_word' id='word_1_458' title='bbox 1478 3221 1542 3280; x_wconf 91' lang='lat' dir='ltr'><strong>dum</strong></span> <span class='ocrx_word' id='word_1_459' title='bbox 1558 3237 1590 3294; x_wconf 83' lang='lat' dir='ltr'><strong>ea</strong></span> <span class='ocrx_word' id='word_1_460' title='bbox 1611 3231 1760 3281; x_wconf 72' lang='lat' dir='ltr'><strong>uacmntnr</strong></span> <span class='ocrx_word' id='word_1_461' title='bbox 1783 3240 1846 3297; x_wconf 83' lang='lat' dir='ltr'><strong>quae</strong></span> <span class='ocrx_word' id='word_1_462' title='bbox 1862 3225 1898 3282; x_wconf 87' lang='lat' dir='ltr'><strong>ad</strong></span> 
     </span>
    </p>

    <p class='ocr_par' dir='ltr' id='par_1_32' title="bbox 246 3313 1900 3390">
     <span class='ocr_line' id='line_1_33' title="bbox 246 3313 1900 3390; baseline -0.003 -10"><span class='ocrx_word' id='word_1_463' title='bbox 246 3326 386 3390; x_wconf 79' lang='lat' dir='ltr'><strong>mumque</strong></span> <span class='ocrx_word' id='word_1_464' title='bbox 401 3319 565 3378; x_wconf 75' lang='lat' dir='ltr'><strong>volumtatem</strong></span> <span class='ocrx_word' id='word_1_465' title='bbox 585 3331 672 3375; x_wconf 86' lang='lat' dir='ltr'><strong>meam</strong></span> <span class='ocrx_word' id='word_1_466' title='bbox 694 3317 815 3375; x_wconf 87' lang='lat' dir='ltr'><strong>memini.</strong></span> <span class='ocrx_word' id='word_1_467' title='bbox 835 3315 964 3374; x_wconf 86' lang='lat' dir='ltr'><strong>Similiter</strong></span> <span class='ocrx_word' id='word_1_468' title='bbox 984 3331 1046 3373; x_wconf 92' lang='lat' dir='ltr'><strong>cnm</strong></span> <span class='ocrx_word' id='word_1_469' title='bbox 1099 3315 1217 3372; x_wconf 87' lang='lat' dir='ltr'><strong>animum</strong></span> <span class='ocrx_word' id='word_1_470' title='bbox 1242 3323 1363 3388; x_wconf 89' lang='lat' dir='ltr'><strong>tempore</strong></span> <span class='ocrx_word' id='word_1_471' title='bbox 1383 3313 1514 3372; x_wconf 82' lang='lat' dir='ltr'><strong>accedunt</strong></span> <span class='ocrx_word' id='word_1_472' title='bbox 1537 3321 1565 3371; x_wconf 88' lang='lat' dir='ltr'><strong>et</strong></span> <span class='ocrx_word' id='word_1_473' title='bbox 1580 3329 1641 3387; x_wconf 80' lang='lat' dir='ltr'><strong>quse</strong></span> <span class='ocrx_word' id='word_1_474' title='bbox 1659 3314 1698 3372; x_wconf 91' lang='lat' dir='ltr'><strong>illi</strong></span> <span class='ocrx_word' id='word_1_475' title='bbox 1713 3318 1900 3389; x_wconf 78' lang='lat' dir='ltr'><strong>temporaliter</strong></span> 
     </span>
    </p>

    <p class='ocr_par' dir='ltr' id='par_1_33' title="bbox 247 3400 1898 3482">
     <span class='ocr_line' id='line_1_34' title="bbox 247 3400 1898 3482; baseline -0.001 -12"><span class='ocrx_word' id='word_1_476' title='bbox 247 3405 309 3470; x_wconf 72' lang='lat' dir='ltr'><strong>huc</strong></span> <span class='ocrx_word' id='word_1_477' title='bbox 327 3409 378 3466; x_wconf 89' lang='lat' dir='ltr'><strong>tria</strong></span> <span class='ocrx_word' id='word_1_478' title='bbox 393 3400 522 3482; x_wconf 90' lang='lat' dir='ltr'><strong>intelligo,</strong></span> <span class='ocrx_word' id='word_1_479' title='bbox 545 3415 601 3466; x_wconf 90' lang='lat' dir='ltr'><strong>tota</strong></span> <span class='ocrx_word' id='word_1_480' title='bbox 614 3409 695 3466; x_wconf 90' lang='lat' dir='ltr'><strong>simol</strong></span> <span class='ocrx_word' id='word_1_481' title='bbox 709 3408 838 3481; x_wconf 88' lang='lat' dir='ltr'><strong>intelligo.</strong></span> <span class='ocrx_word' id='word_1_482' title='bbox 859 3407 953 3481; x_wconf 80' lang='lat' dir='ltr'><strong>Neque</strong></span> <span class='ocrx_word' id='word_1_483' title='bbox 973 3407 1046 3466; x_wconf 89' lang='lat' dir='ltr'><strong>enim</strong></span> <span class='ocrx_word' id='word_1_484' title='bbox 1098 3406 1233 3476; x_wconf 87' lang='lat' dir='ltr'><strong>accidunt,</strong></span> <span class='ocrx_word' id='word_1_485' title='bbox 1258 3422 1320 3464; x_wconf 89' lang='lat' dir='ltr'><strong>eum</strong></span> <span class='ocrx_word' id='word_1_486' title='bbox 1342 3406 1466 3465; x_wconf 91' lang='lat' dir='ltr'><strong>meminit</strong></span> <span class='ocrx_word' id='word_1_487' title='bbox 1476 3405 1549 3480; x_wconf 92' lang='lat' dir='ltr'><strong>qnod</strong></span> <span class='ocrx_word' id='word_1_488' title='bbox 1561 3415 1713 3465; x_wconf 74' lang='lat' dir='ltr'><strong>ammaon</strong></span> <span class='ocrx_word' id='word_1_489' title='bbox 1725 3407 1898 3482; x_wconf 82' lang='lat' dir='ltr'><strong>meminerat,</strong></span> 
     </span>
    </p>

    <p class='ocr_par' dir='ltr' id='par_1_34' title="bbox 246 3497 1900 3574">
     <span class='ocr_line' id='line_1_35' title="bbox 246 3497 1900 3574; baseline 0.002 -17"><span class='ocrx_word' id='word_1_490' title='bbox 246 3500 393 3574; x_wconf 88' lang='lat' dir='ltr'><strong>quidquam</strong></span> <span class='ocrx_word' id='word_1_491' title='bbox 426 3499 633 3574; x_wconf 86' lang='lat' dir='ltr'><strong>intelligibilium</strong></span> <span class='ocrx_word' id='word_1_492' title='bbox 659 3513 715 3558; x_wconf 91' lang='lat' dir='ltr'><strong>nou</strong></span> <span class='ocrx_word' id='word_1_493' title='bbox 738 3499 869 3574; x_wconf 88' lang='lat' dir='ltr'><strong>intelligo,</strong></span> <span class='ocrx_word' id='word_1_494' title='bbox 899 3500 951 3557; x_wconf 88' lang='lat' dir='ltr'><strong>nisi</strong></span> <span class='ocrx_word' id='word_1_495' title='bbox 973 3499 1046 3574; x_wconf 89' lang='lat' dir='ltr'><strong>qnod</strong></span> <span class='ocrx_word' id='word_1_496' title='bbox 1098 3506 1199 3558; x_wconf 86' lang='lat' dir='ltr'><strong>etcum</strong></span> <span class='ocrx_word' id='word_1_497' title='bbox 1220 3498 1293 3557; x_wconf 83' lang='lat' dir='ltr'><strong>uidet</strong></span> <span class='ocrx_word' id='word_1_498' title='bbox 1306 3499 1379 3574; x_wconf 93' lang='lat' dir='ltr'><strong>qnod</strong></span> <span class='ocrx_word' id='word_1_499' title='bbox 1393 3507 1471 3556; x_wconf 86' lang='lat' dir='ltr'><strong>antea</strong></span> <span class='ocrx_word' id='word_1_500' title='bbox 1494 3515 1548 3556; x_wconf 92' lang='lat' dir='ltr'><strong>non</strong></span> <span class='ocrx_word' id='word_1_501' title='bbox 1561 3497 1678 3568; x_wconf 82' lang='lat' dir='ltr'><strong>uidebat,</strong></span> <span class='ocrx_word' id='word_1_502' title='bbox 1702 3507 1731 3557; x_wconf 91' lang='lat' dir='ltr'><strong>et</strong></span> <span class='ocrx_word' id='word_1_503' title='bbox 1747 3514 1810 3558; x_wconf 86' lang='lat' dir='ltr'><strong>euru</strong></span> <span class='ocrx_word' id='word_1_504' title='bbox 1824 3513 1900 3561; x_wconf 89' lang='lat' dir='ltr'><strong>amat</strong></span> 
     </span>
    </p>

    <p class='ocr_par' dir='ltr' id='par_1_35' title="bbox 130 3589 1993 3762">
     <span class='ocr_line' id='line_1_36' title="bbox 130 3589 1993 3668; baseline -0.001 -18"><span class='ocrx_word' id='word_1_505' title='bbox 130 3639 141 3656; x_wconf 86' lang='lat'>.</span> <span class='ocrx_word' id='word_1_506' title='bbox 246 3589 353 3662; x_wconf 82' lang='lat' dir='ltr'><strong>ignoro.</strong></span> <span class='ocrx_word' id='word_1_507' title='bbox 369 3589 445 3662; x_wconf 90' lang='lat' dir='ltr'><strong>Quod</strong></span> <span class='ocrx_word' id='word_1_508' title='bbox 465 3601 556 3648; x_wconf 84' lang='lat' dir='ltr'><strong>autem</strong></span> <span class='ocrx_word' id='word_1_509' title='bbox 568 3593 674 3664; x_wconf 89' lang='lat' dir='ltr'><strong>ignoro,</strong></span> <span class='ocrx_word' id='word_1_510' title='bbox 697 3605 748 3649; x_wconf 90' lang='lat' dir='ltr'><strong>nec</strong></span> <span class='ocrx_word' id='word_1_511' title='bbox 768 3590 888 3660; x_wconf 88' lang='lat' dir='ltr'><strong>memini,</strong></span> <span class='ocrx_word' id='word_1_512' title='bbox 910 3591 1044 3649; x_wconf 82' lang='lat' dir='ltr'><strong>necrolo.</strong></span> <span class='ocrx_word' id='word_1_513' title='bbox 1098 3590 1171 3665; x_wconf 94' lang='lat' dir='ltr'><strong>quod</strong></span> <span class='ocrx_word' id='word_1_514' title='bbox 1184 3597 1263 3649; x_wconf 86' lang='lat' dir='ltr'><strong>antea</strong></span> <span class='ocrx_word' id='word_1_515' title='bbox 1278 3589 1461 3648; x_wconf 86' lang='lat' dir='ltr'><strong>nonamnbat.</strong></span> <span class='ocrx_word' id='word_1_516' title='bbox 1476 3589 1531 3648; x_wconf 89' lang='lat' dir='ltr'><strong>Sed</strong></span> <span class='ocrx_word' id='word_1_517' title='bbox 1544 3589 1616 3647; x_wconf 87' lang='lat' dir='ltr'><strong>aliud</strong></span> <span class='ocrx_word' id='word_1_518' title='bbox 1630 3589 1690 3648; x_wconf 79' lang='lat' dir='ltr'><strong>bne</strong></span> <span class='ocrx_word' id='word_1_519' title='bbox 1702 3592 1830 3649; x_wconf 78' lang='lat' dir='ltr'><strong>uastatio</strong></span> <span class='ocrx_word' id='word_1_520' title='bbox 1840 3594 1899 3668; x_wconf 79' lang='lat' dir='ltr'><strong>jam</strong></span> <span class='ocrx_word' id='word_1_521' title='bbox 1990 3601 1993 3615; x_wconf 92' lang='grc'><strong><em>·</em></strong></span> 
     </span>
     <span class='ocr_line' id='line_1_37' title="bbox 247 3679 1796 3762; baseline 0.001 -22"><span class='ocrx_word' id='word_1_522' title='bbox 247 3681 382 3758; x_wconf 79' lang='lat' dir='ltr'><strong>Quidquid</strong></span> <span class='ocrx_word' id='word_1_523' title='bbox 406 3684 499 3758; x_wconf 89' lang='lat' dir='ltr'><strong>itaque</strong></span> <span class='ocrx_word' id='word_1_524' title='bbox 516 3685 722 3762; x_wconf 87' lang='lat' dir='ltr'><strong>intelligibilium</strong></span> <span class='ocrx_word' id='word_1_525' title='bbox 735 3700 790 3746; x_wconf 92' lang='lat' dir='ltr'><strong>nou</strong></span> <span class='ocrx_word' id='word_1_526' title='bbox 805 3685 936 3760; x_wconf 86' lang='lat' dir='ltr'><strong>intelligo,</strong></span> <span class='ocrx_word' id='word_1_527' title='bbox 950 3699 1047 3747; x_wconf 89' lang='lat' dir='ltr'><strong>conso·</strong></span> <span class='ocrx_word' id='word_1_528' title='bbox 1098 3683 1185 3757; x_wconf 85' lang='lat' dir='ltr'><strong>poscit</strong></span> <span class='ocrx_word' id='word_1_529' title='bbox 1199 3682 1353 3752; x_wconf 84' lang='lat' dir='ltr'><strong>exordium,</strong></span> <span class='ocrx_word' id='word_1_530' title='bbox 1367 3690 1477 3756; x_wconf 91' lang='lat' dir='ltr'><strong>propter</strong></span> <span class='ocrx_word' id='word_1_531' title='bbox 1487 3681 1567 3754; x_wconf 84' lang='lat' dir='ltr'><strong>hnjrrs</strong></span> <span class='ocrx_word' id='word_1_532' title='bbox 1579 3679 1663 3738; x_wconf 88' lang='lat' dir='ltr'><strong>libelli</strong></span> <span class='ocrx_word' id='word_1_533' title='bbox 1675 3681 1796 3740; x_wconf 89' lang='lat' dir='ltr'><strong>modum.</strong></span> 
     </span>
    </p>
   </div>
   <div class='ocr_carea' id='block_1_3' title="bbox 279 3817 1898 3946">
    <p class='ocr_par' dir='ltr' id='par_1_36' title="bbox 279 3817 1898 3946">
     <span class='ocr_line' id='line_1_38' title="bbox 279 3817 1898 3946; baseline 0.002 -13"><span class='ocrx_word' id='word_1_534' title='bbox 279 3879 620 3946; x_wconf 50' lang='lat' dir='ltr'><strong>messanensem.</strong></span> <span class='ocrx_word' id='word_1_535' title='bbox 1099 3817 1836 3938; x_wconf 53' lang='lat' dir='ltr'><strong>esiffimm&#39;wmmwmm</strong></span> <span class='ocrx_word' id='word_1_536' title='bbox 1852 3822 1898 3874; x_wconf 64' lang='lat' dir='ltr'><strong>&#39;b&#39;</strong></span> 
     </span>
    </p>
   </div>
   <div class='ocr_carea' id='block_1_4' title="bbox 690 4081 1444 4195">
    <p class='ocr_par' dir='ltr' id='par_1_37' title="bbox 690 4081 1444 4195">
     <span class='ocr_line' id='line_1_39' title="bbox 690 4081 1444 4195; baseline -0.007 0"><span class='ocrx_word' id='word_1_537' title='bbox 690 4085 930 4195; x_wconf 84' lang='lat' dir='ltr'><strong><em>LIBER</em></strong></span> <span class='ocrx_word' id='word_1_538' title='bbox 961 4081 1444 4194; x_wconf 66' lang='lat' dir='ltr'><strong>mundesariis,</strong></span> 
     </span>
    </p>
   </div>
   <div class='ocr_carea' id='block_1_5' title="bbox 191 4266 1898 4645">
    <p class='ocr_par' dir='ltr' id='par_1_38' title="bbox 280 4266 1897 4344">
     <span class='ocr_line' id='line_1_40' title="bbox 280 4266 1897 4344; baseline -0.001 -21"><span class='ocrx_word' id='word_1_539' title='bbox 280 4270 403 4343; x_wconf 61' lang='lat' dir='ltr'><strong>vinitatis</strong></span> <span class='ocrx_word' id='word_1_540' title='bbox 411 4269 493 4344; x_wconf 71' lang='lat' dir='ltr'><strong>imago</strong></span> <span class='ocrx_word' id='word_1_541' title='bbox 502 4268 614 4344; x_wconf 74' lang='lat' dir='ltr'><strong>maedam</strong></span> <span class='ocrx_word' id='word_1_542' title='bbox 624 4277 770 4323; x_wconf 77' lang='lat' dir='ltr'><strong>mensuatim</strong></span> <span class='ocrx_word' id='word_1_543' title='bbox 781 4272 858 4343; x_wconf 66' lang='lat' dir='ltr'><strong>wau</strong></span> <span class='ocrx_word' id='word_1_544' title='bbox 865 4272 891 4320; x_wconf 89' lang='lat' dir='ltr'><strong>iu</strong></span> <span class='ocrx_word' id='word_1_545' title='bbox 902 4271 1030 4344; x_wconf 79' lang='lat' dir='ltr'><strong>exteriore</strong></span> <span class='ocrx_word' id='word_1_546' title='bbox 1040 4269 1139 4340; x_wconf 78' lang='lat' dir='ltr'><strong>bomine</strong></span> <span class='ocrx_word' id='word_1_547' title='bbox 1149 4267 1246 4342; x_wconf 80' lang='lat' dir='ltr'><strong>:primo</strong></span> <span class='ocrx_word' id='word_1_548' title='bbox 1262 4266 1362 4331; x_wconf 81' lang='lat' dir='ltr'><strong>qsrldem</strong></span> <span class='ocrx_word' id='word_1_549' title='bbox 1373 4267 1397 4316; x_wconf 91' lang='lat' dir='ltr'><strong>in</strong></span> <span class='ocrx_word' id='word_1_550' title='bbox 1409 4266 1448 4316; x_wconf 84' lang='lat' dir='ltr'><strong>bis</strong></span> <span class='ocrx_word' id='word_1_551' title='bbox 1458 4277 1515 4331; x_wconf 77' lang='lat' dir='ltr'><strong>qliae</strong></span> <span class='ocrx_word' id='word_1_552' title='bbox 1531 4273 1665 4318; x_wconf 86' lang='lat' dir='ltr'><strong>oemuutur</strong></span> <span class='ocrx_word' id='word_1_553' title='bbox 1682 4267 1850 4342; x_wconf 65' lang='lat' dir='ltr'><strong>exclamans:</strong></span> <span class='ocrx_word' id='word_1_554' title='bbox 1862 4283 1897 4324; x_wconf 84' lang='lat' dir='ltr'><strong>ex</strong></span> 
     </span>
    </p>

    <p class='ocr_par' dir='ltr' id='par_1_39' title="bbox 191 4327 1898 4645">
     <span class='ocr_line' id='line_1_41' title="bbox 191 4327 1896 4418; baseline 0.001 -36"><span class='ocrx_word' id='word_1_555' title='bbox 191 4367 197 4376; x_wconf 83' lang='grc'><em>.</em></span> <span class='ocrx_word' id='word_1_556' title='bbox 250 4345 354 4418; x_wconf 72' lang='lat' dir='ltr'><strong>corpure</strong></span> <span class='ocrx_word' id='word_1_557' title='bbox 365 4331 460 4404; x_wconf 75' lang='lat' dir='ltr'><strong>scilieet</strong></span> <span class='ocrx_word' id='word_1_558' title='bbox 470 4331 534 4394; x_wconf 91' lang='lat' dir='ltr'><strong>qnod</strong></span> <span class='ocrx_word' id='word_1_559' title='bbox 546 4331 658 4406; x_wconf 65' lang='lat' dir='ltr'><strong>nudetur,</strong></span> <span class='ocrx_word' id='word_1_560' title='bbox 665 4339 692 4383; x_wconf 92' lang='lat' dir='ltr'><strong>et</strong></span> <span class='ocrx_word' id='word_1_561' title='bbox 701 4331 778 4383; x_wconf 82' lang='lat' dir='ltr'><strong>forma</strong></span> <span class='ocrx_word' id='word_1_562' title='bbox 787 4331 909 4408; x_wconf 30' lang='lat' dir='ltr'><strong>quse-rude</strong></span> <span class='ocrx_word' id='word_1_563' title='bbox 920 4331 946 4381; x_wconf 90' lang='lat' dir='ltr'><strong>lu</strong></span> <span class='ocrx_word' id='word_1_564' title='bbox 957 4343 1010 4382; x_wconf 89' lang='lat' dir='ltr'><strong>acre</strong></span> <span class='ocrx_word' id='word_1_565' title='bbox 1021 4335 1147 4406; x_wconf 76' lang='lat' dir='ltr'><strong>cernentis</strong></span> <span class='ocrx_word' id='word_1_566' title='bbox 1159 4329 1311 4412; x_wconf 77' lang='lat' dir='ltr'><strong>imprimitur,</strong></span> <span class='ocrx_word' id='word_1_567' title='bbox 1323 4335 1350 4378; x_wconf 90' lang='lat' dir='ltr'><strong>et</strong></span> <span class='ocrx_word' id='word_1_568' title='bbox 1357 4335 1491 4402; x_wconf 77' lang='lat' dir='ltr'><strong>utrunaque</strong></span> <span class='ocrx_word' id='word_1_569' title='bbox 1505 4327 1648 4404; x_wconf 40' lang='lat' dir='ltr'><strong>oppulentis·</strong></span> <span class='ocrx_word' id='word_1_570' title='bbox 1656 4331 1791 4382; x_wconf 78' lang='lat' dir='ltr'><strong>intentione</strong></span> <span class='ocrx_word' id='word_1_571' title='bbox 1798 4333 1896 4407; x_wconf 31' lang='lat' dir='ltr'><strong>‘volnu-</strong></span> 
     </span>
     <span class='ocr_line' id='line_1_42' title="bbox 248 4389 1898 4566; baseline 0.004 -62"><span class='ocrx_word' id='word_1_572' title='bbox 248 4394 326 4504; x_wconf 81' lang='lat' dir='ltr'><strong>aa</strong></span> <span class='ocrx_word' id='word_1_573' title='bbox 335 4393 744 4530; x_wconf 45' lang='lat' dir='ltr'><strong>manaremus</strong></span> <span class='ocrx_word' id='word_1_574' title='bbox 726 4393 1119 4528; x_wconf 54' lang='lat' dir='ltr'><strong>sumamma</strong></span> <span class='ocrx_word' id='word_1_575' title='bbox 1125 4389 1663 4564; x_wconf 59' lang='lat' dir='ltr'><strong>maatatauuturnpun</strong></span> <span class='ocrx_word' id='word_1_576' title='bbox 1671 4401 1898 4566; x_wconf 54' lang='lat' dir='ltr'><strong>appatens</strong></span> 
     </span>
     <span class='ocr_line' id='line_1_43' title="bbox 248 4514 1897 4588; baseline 0.005 -23"><span class='ocrx_word' id='word_1_577' title='bbox 248 4517 366 4588; x_wconf 81' lang='lat' dir='ltr'><strong>mernorla</strong></span> <span class='ocrx_word' id='word_1_578' title='bbox 379 4523 426 4576; x_wconf 88' lang='lat' dir='ltr'><strong>est,</strong></span> <span class='ocrx_word' id='word_1_579' title='bbox 436 4522 464 4568; x_wconf 92' lang='lat' dir='ltr'><strong>et</strong></span> <span class='ocrx_word' id='word_1_580' title='bbox 474 4516 532 4566; x_wconf 91' lang='lat' dir='ltr'><strong>rude</strong></span> <span class='ocrx_word' id='word_1_581' title='bbox 540 4514 675 4569; x_wconf 72' lang='grc' dir='ltr'>ιοῐοτοοοοο</span> <span class='ocrx_word' id='word_1_582' title='bbox 683 4530 739 4569; x_wconf 82' lang='lat' dir='ltr'><strong>erum</strong></span> <span class='ocrx_word' id='word_1_583' title='bbox 747 4517 777 4568; x_wconf 90' lang='lat' dir='ltr'><strong>ad</strong></span> <span class='ocrx_word' id='word_1_584' title='bbox 785 4531 840 4568; x_wconf 91' lang='lat' dir='ltr'><strong>eam</strong></span> <span class='ocrx_word' id='word_1_585' title='bbox 850 4525 999 4568; x_wconf 80' lang='lat' dir='ltr'><strong>oouuerntur</strong></span> <span class='ocrx_word' id='word_1_586' title='bbox 1009 4529 1076 4568; x_wconf 85' lang='lat' dir='ltr'><strong>aues</strong></span> <span class='ocrx_word' id='word_1_587' title='bbox 1083 4527 1112 4566; x_wconf 89' lang='lat' dir='ltr'><strong>oo</strong></span> <span class='ocrx_word' id='word_1_588' title='bbox 1139 4521 1221 4576; x_wconf 76' lang='lat' dir='ltr'><strong>untrs,</strong></span> <span class='ocrx_word' id='word_1_589' title='bbox 1234 4519 1260 4565; x_wconf 90' lang='lat' dir='ltr'><strong>et</strong></span> <span class='ocrx_word' id='word_1_590' title='bbox 1267 4520 1398 4578; x_wconf 74' lang='lat' dir='ltr'><strong>arenamque</strong></span> <span class='ocrx_word' id='word_1_591' title='bbox 1405 4515 1559 4588; x_wconf 69' lang='lat' dir='ltr'><strong>sunjungens</strong></span> <span class='ocrx_word' id='word_1_592' title='bbox 1578 4516 1672 4566; x_wconf 89' lang='lat' dir='ltr'><strong>utenllo</strong></span> <span class='ocrx_word' id='word_1_593' title='bbox 1683 4530 1698 4567; x_wconf 84' lang='lat' dir='ltr'><strong>r</strong></span> <span class='ocrx_word' id='word_1_594' title='bbox 1757 4525 1815 4570; x_wconf 80' lang='lat' dir='ltr'><strong>tatus</strong></span> <span class='ocrx_word' id='word_1_595' title='bbox 1824 4534 1831 4570; x_wconf 94' lang='lat'>:</span> <span class='ocrx_word' id='word_1_596' title='bbox 1840 4534 1897 4585; x_wconf 86' lang='lat' dir='ltr'><strong>quae</strong></span> 
     </span>
     <span class='ocr_line' id='line_1_44' title="bbox 241 4575 1898 4645; baseline 0.007 -19"><span class='ocrx_word' id='word_1_597' title='bbox 241 4577 364 4627; x_wconf 55' lang='lat' dir='ltr'><strong>‘nimirum</strong></span> <span class='ocrx_word' id='word_1_598' title='bbox 374 4577 452 4628; x_wconf 88' lang='lat' dir='ltr'><strong>altera</strong></span> <span class='ocrx_word' id='word_1_599' title='bbox 462 4579 558 4630; x_wconf 83' lang='lat' dir='ltr'><strong>trinitas</strong></span> <span class='ocrx_word' id='word_1_600' title='bbox 567 4578 598 4630; x_wconf 87' lang='lat' dir='ltr'><strong>ed</strong></span> <span class='ocrx_word' id='word_1_601' title='bbox 610 4580 762 4632; x_wconf 79' lang='lat' dir='ltr'><strong>exteriorem</strong></span> <span class='ocrx_word' id='word_1_602' title='bbox 771 4592 871 4645; x_wconf 89' lang='lat' dir='ltr'><strong>quoqne</strong></span> <span class='ocrx_word' id='word_1_603' title='bbox 879 4579 1004 4631; x_wconf 82' lang='lat' dir='ltr'><strong>bominem</strong></span> <span class='ocrx_word' id='word_1_604' title='bbox 1013 4578 1142 4642; x_wconf 80' lang='lat' dir='ltr'><strong>peminere</strong></span> <span class='ocrx_word' id='word_1_605' title='bbox 1154 4576 1243 4630; x_wconf 64' lang='grc' dir='ltr'><strong>οὶοὲιιιι·</strong></span> <span class='ocrx_word' id='word_1_606' title='bbox 1259 4575 1325 4641; x_wconf 81' lang='lat' dir='ltr'><strong>quod</strong></span> <span class='ocrx_word' id='word_1_607' title='bbox 1340 4575 1373 4626; x_wconf 90' lang='lat' dir='ltr'><strong>de</strong></span> <span class='ocrx_word' id='word_1_608' title='bbox 1388 4577 1532 4640; x_wconf 82' lang='lat' dir='ltr'><strong>corporibus</strong></span> <span class='ocrx_word' id='word_1_609' title='bbox 1549 4575 1616 4628; x_wconf 84' lang='lat' dir='ltr'><strong>allata</strong></span> <span class='ocrx_word' id='word_1_610' title='bbox 1630 4579 1671 4642; x_wconf 90' lang='lat' dir='ltr'><strong>sit,</strong></span> <span class='ocrx_word' id='word_1_611' title='bbox 1688 4591 1745 4645; x_wconf 79' lang='lat' dir='ltr'><strong>quse</strong></span> <span class='ocrx_word' id='word_1_612' title='bbox 1756 4583 1898 4637; x_wconf 69' lang='lat' dir='ltr'><strong>mutiuntu</strong></span> 
     </span>
    </p>
   </div>
   <div class='ocr_carea' id='block_1_6' title="bbox 245 4640 1148 4758">
    <p class='ocr_par' dir='ltr' id='par_1_40' title="bbox 245 4640 1148 4758">
     <span class='ocr_line' id='line_1_45' title="bbox 245 4640 1148 4758; baseline 0 -1"><span class='ocrx_word' id='word_1_613' title='bbox 245 4640 413 4692; x_wconf 55' lang='lat' dir='ltr'><strong>um</strong></span> <span class='ocrx_word' id='word_1_614' title='bbox 989 4699 1148 4758; x_wconf 53' lang='lat' dir='ltr'><strong>elffii&amp;</strong></span> 
     </span>
    </p>
   </div>
   <div class='ocr_carea' id='block_1_7' title="bbox 155 4813 2013 5821">
    <p class='ocr_par' dir='ltr' id='par_1_41' title="bbox 247 4813 2013 5630">
     <span class='ocr_line' id='line_1_46' title="bbox 283 4813 1897 4893; baseline 0.004 -16"><span class='ocrx_word' id='word_1_615' title='bbox 283 4817 397 4877; x_wconf 74' lang='lat' dir='ltr'><strong>CAPUT</strong></span> <span class='ocrx_word' id='word_1_616' title='bbox 407 4816 626 4877; x_wconf 71' lang='lat' dir='ltr'><strong>inludit-t.</strong></span> <span class='ocrx_word' id='word_1_617' title='bbox 636 4817 773 4893; x_wconf 60' lang='lat' dir='ltr'><strong>Vetdfiam</strong></span> <span class='ocrx_word' id='word_1_618' title='bbox 784 4817 915 4877; x_wconf 76' lang='lat' dir='ltr'><strong>Trinitatis</strong></span> <span class='ocrx_word' id='word_1_619' title='bbox 926 4819 1003 4876; x_wconf 82' lang='lat' dir='ltr'><strong>stiunt</strong></span> <span class='ocrx_word' id='word_1_620' title='bbox 1016 4822 1044 4876; x_wconf 88' lang='lat' dir='ltr'><strong>in</strong></span> <span class='ocrx_word' id='word_1_621' title='bbox 1095 4819 1125 4878; x_wconf 94' lang='lat' dir='ltr'><strong>ln</strong></span> <span class='ocrx_word' id='word_1_622' title='bbox 1137 4818 1190 4876; x_wconf 86' lang='lat' dir='ltr'><strong>lroc</strong></span> <span class='ocrx_word' id='word_1_623' title='bbox 1199 4830 1265 4890; x_wconf 85' lang='lat' dir='ltr'><strong>ergo</strong></span> <span class='ocrx_word' id='word_1_624' title='bbox 1278 4814 1323 4889; x_wconf 92' lang='lat' dir='ltr'><strong>qui</strong></span> <span class='ocrx_word' id='word_1_625' title='bbox 1337 4813 1529 4886; x_wconf 89' lang='lat' dir='ltr'><strong>corrumpitur,</strong></span> <span class='ocrx_word' id='word_1_626' title='bbox 1543 4829 1705 4889; x_wconf 79' lang='lat' dir='ltr'><strong>queramus,</strong></span> <span class='ocrx_word' id='word_1_627' title='bbox 1717 4823 1897 4892; x_wconf 88' lang='lat' dir='ltr'><strong>quemadmo-</strong></span> 
     </span>
     <span class='ocr_line' id='line_1_47' title="bbox 247 4905 1896 4988; baseline 0.002 -17"><span class='ocrx_word' id='word_1_628' title='bbox 247 4914 370 4971; x_wconf 83' lang='lat' dir='ltr'><strong>entrrinre</strong></span> <span class='ocrx_word' id='word_1_629' title='bbox 384 4913 495 4968; x_wconf 81' lang='lat' dir='ltr'><strong>lumine.</strong></span> <span class='ocrx_word' id='word_1_630' title='bbox 508 4911 616 4970; x_wconf 84' lang='lat' dir='ltr'><strong>Nemini</strong></span> <span class='ocrx_word' id='word_1_631' title='bbox 627 4911 737 4969; x_wconf 91' lang='lat' dir='ltr'><strong>dubium</strong></span> <span class='ocrx_word' id='word_1_632' title='bbox 749 4921 802 4982; x_wconf 87' lang='lat' dir='ltr'><strong>est,</strong></span> <span class='ocrx_word' id='word_1_633' title='bbox 812 4913 1043 4972; x_wconf 85' lang='lat' dir='ltr'><strong>sieutinteriorern</strong></span> <span class='ocrx_word' id='word_1_634' title='bbox 1095 4911 1159 4988; x_wconf 89' lang='lat' dir='ltr'><strong>dum</strong></span> <span class='ocrx_word' id='word_1_635' title='bbox 1171 4922 1326 4984; x_wconf 90' lang='lat' dir='ltr'><strong>possumus,</strong></span> <span class='ocrx_word' id='word_1_636' title='bbox 1349 4905 1492 4982; x_wconf 89' lang='lat' dir='ltr'><strong>quamdam</strong></span> <span class='ocrx_word' id='word_1_637' title='bbox 1514 4905 1653 4966; x_wconf 79' lang='lat' dir='ltr'><strong>Trinitatis</strong></span> <span class='ocrx_word' id='word_1_638' title='bbox 1671 4909 1799 4984; x_wconf 83' lang='lat' dir='ltr'><strong>eligiem,</strong></span> <span class='ocrx_word' id='word_1_639' title='bbox 1826 4927 1854 4975; x_wconf 88' lang='lat' dir='ltr'><strong>et</strong></span> <span class='ocrx_word' id='word_1_640' title='bbox 1873 4918 1896 4975; x_wconf 88' lang='lat' dir='ltr'><strong>si</strong></span> 
     </span>
     <span class='ocr_line' id='line_1_48' title="bbox 247 4993 1893 5078; baseline 0.001 -19"><span class='ocrx_word' id='word_1_641' title='bbox 247 5003 384 5062; x_wconf 89' lang='lat' dir='ltr'><strong>bominem</strong></span> <span class='ocrx_word' id='word_1_642' title='bbox 398 5003 585 5074; x_wconf 85' lang='lat' dir='ltr'><strong>intelligentia,</strong></span> <span class='ocrx_word' id='word_1_643' title='bbox 598 5003 639 5060; x_wconf 91' lang='lat' dir='ltr'><strong>sic</strong></span> <span class='ocrx_word' id='word_1_644' title='bbox 649 5003 811 5062; x_wconf 79' lang='lat' dir='ltr'><strong>exteriorem</strong></span> <span class='ocrx_word' id='word_1_645' title='bbox 828 5020 908 5063; x_wconf 89' lang='lat' dir='ltr'><strong>seusu</strong></span> <span class='ocrx_word' id='word_1_646' title='bbox 923 5006 1044 5078; x_wconf 83' lang='lat' dir='ltr'><strong>eorporis</strong></span> <span class='ocrx_word' id='word_1_647' title='bbox 1095 5021 1149 5064; x_wconf 92' lang='lat' dir='ltr'><strong>uon</strong></span> <span class='ocrx_word' id='word_1_648' title='bbox 1162 5002 1368 5076; x_wconf 84' lang='lat' dir='ltr'><strong>expressiorem,</strong></span> <span class='ocrx_word' id='word_1_649' title='bbox 1395 5009 1482 5056; x_wconf 82' lang='lat' dir='ltr'><strong>mmor</strong></span> <span class='ocrx_word' id='word_1_650' title='bbox 1500 4999 1622 5058; x_wconf 81' lang='lat' dir='ltr'><strong>fortassis</strong></span> <span class='ocrx_word' id='word_1_651' title='bbox 1634 5002 1668 5058; x_wconf 90' lang='lat' dir='ltr'><strong>ad</strong></span> <span class='ocrx_word' id='word_1_652' title='bbox 1680 4993 1893 5077; x_wconf 73' lang='lat' dir='ltr'><strong>dignosrendnm</strong></span> 
     </span>
     <span class='ocr_line' id='line_1_49' title="bbox 248 5090 1895 5174; baseline 0.005 -24"><span class='ocrx_word' id='word_1_653' title='bbox 248 5095 402 5168; x_wconf 73' lang='lat' dir='ltr'><strong>praeditum.</strong></span> <span class='ocrx_word' id='word_1_654' title='bbox 413 5093 534 5150; x_wconf 85' lang='lat' dir='ltr'><strong>Nitamur</strong></span> <span class='ocrx_word' id='word_1_655' title='bbox 543 5094 633 5174; x_wconf 84' lang='lat' dir='ltr'><strong>igitur,</strong></span> <span class='ocrx_word' id='word_1_656' title='bbox 643 5095 668 5152; x_wconf 90' lang='lat' dir='ltr'><strong>si</strong></span> <span class='ocrx_word' id='word_1_657' title='bbox 678 5108 830 5164; x_wconf 77' lang='grc' dir='ltr'>οοοοοιοοο,</span> <span class='ocrx_word' id='word_1_658' title='bbox 840 5097 867 5152; x_wconf 93' lang='lat' dir='ltr'><strong>in</strong></span> <span class='ocrx_word' id='word_1_659' title='bbox 877 5097 929 5154; x_wconf 82' lang='lat' dir='ltr'><strong>lunc</strong></span> <span class='ocrx_word' id='word_1_660' title='bbox 938 5112 1044 5170; x_wconf 88' lang='lat' dir='ltr'><strong>qnoque</strong></span> <span class='ocrx_word' id='word_1_661' title='bbox 1095 5095 1253 5154; x_wconf 84' lang='lat' dir='ltr'><strong>incilioreur.</strong></span> <span class='ocrx_word' id='word_1_662' title='bbox 1268 5093 1360 5165; x_wconf 85' lang='lat' dir='ltr'><strong>Neque</strong></span> <span class='ocrx_word' id='word_1_663' title='bbox 1377 5093 1449 5148; x_wconf 85' lang='lat' dir='ltr'><strong>enim</strong></span> <span class='ocrx_word' id='word_1_664' title='bbox 1467 5090 1567 5148; x_wconf 89' lang='lat' dir='ltr'><strong>irnstra</strong></span> <span class='ocrx_word' id='word_1_665' title='bbox 1584 5101 1611 5150; x_wconf 93' lang='lat' dir='ltr'><strong>et</strong></span> <span class='ocrx_word' id='word_1_666' title='bbox 1626 5093 1677 5151; x_wconf 91' lang='lat' dir='ltr'><strong>iste</strong></span> <span class='ocrx_word' id='word_1_667' title='bbox 1691 5095 1774 5154; x_wconf 86' lang='lat' dir='ltr'><strong>bomo</strong></span> <span class='ocrx_word' id='word_1_668' title='bbox 1788 5103 1895 5172; x_wconf 68' lang='lat' dir='ltr'><strong>eicitur,</strong></span> 
     </span>
     <span class='ocr_line' id='line_1_50' title="bbox 247 5182 1895 5263; baseline 0.004 -19"><span class='ocrx_word' id='word_1_669' title='bbox 247 5187 384 5244; x_wconf 86' lang='lat' dir='ltr'><strong>exteriore</strong></span> <span class='ocrx_word' id='word_1_670' title='bbox 396 5186 522 5258; x_wconf 71' lang='lat' dir='ltr'><strong>indagare</strong></span> <span class='ocrx_word' id='word_1_671' title='bbox 533 5187 728 5258; x_wconf 81' lang='lat' dir='ltr'><strong>qualecumque</strong></span> <span class='ocrx_word' id='word_1_672' title='bbox 742 5187 881 5258; x_wconf 83' lang='lat' dir='ltr'><strong>vestigium</strong></span> <span class='ocrx_word' id='word_1_673' title='bbox 895 5187 1042 5258; x_wconf 84' lang='lat' dir='ltr'><strong>Trinitatis,</strong></span> <span class='ocrx_word' id='word_1_674' title='bbox 1092 5189 1149 5263; x_wconf 83' lang='lat' dir='ltr'><strong>pisi</strong></span> <span class='ocrx_word' id='word_1_675' title='bbox 1169 5187 1231 5259; x_wconf 89' lang='lat' dir='ltr'><strong>qnia</strong></span> <span class='ocrx_word' id='word_1_676' title='bbox 1245 5186 1317 5242; x_wconf 90' lang='lat' dir='ltr'><strong>inest</strong></span> <span class='ocrx_word' id='word_1_677' title='bbox 1341 5184 1366 5240; x_wconf 91' lang='lat' dir='ltr'><strong>ei</strong></span> <span class='ocrx_word' id='word_1_678' title='bbox 1379 5182 1506 5240; x_wconf 87' lang='lat' dir='ltr'><strong>nonnulla</strong></span> <span class='ocrx_word' id='word_1_679' title='bbox 1527 5182 1664 5242; x_wconf 90' lang='lat' dir='ltr'><strong>interioris</strong></span> <span class='ocrx_word' id='word_1_680' title='bbox 1682 5188 1844 5249; x_wconf 90' lang='lat' dir='ltr'><strong>similitudo.</strong></span> <span class='ocrx_word' id='word_1_681' title='bbox 1861 5195 1895 5250; x_wconf 80' lang='lat' dir='ltr'><strong>lit</strong></span> 
     </span>
     <span class='ocr_line' id='line_1_51' title="bbox 248 5275 2013 5359; baseline 0.005 -23"><span class='ocrx_word' id='word_1_682' title='bbox 248 5277 1045 5352; x_wconf 83' lang='lat' dir='ltr'><strong>uouqniaetipseeodemmodositintagobei.llaniiesta</strong></span> <span class='ocrx_word' id='word_1_683' title='bbox 1096 5279 1142 5338; x_wconf 91' lang='lat' dir='ltr'><strong>illo</strong></span> <span class='ocrx_word' id='word_1_684' title='bbox 1155 5281 1214 5352; x_wconf 90' lang='lat' dir='ltr'><strong>ipso</strong></span> <span class='ocrx_word' id='word_1_685' title='bbox 1227 5277 1322 5336; x_wconf 90' lang='lat' dir='ltr'><strong>ordine</strong></span> <span class='ocrx_word' id='word_1_686' title='bbox 1331 5275 1492 5334; x_wconf 87' lang='lat' dir='ltr'><strong>conditionis</strong></span> <span class='ocrx_word' id='word_1_687' title='bbox 1503 5286 1602 5334; x_wconf 85' lang='lat' dir='ltr'><strong>nostrae</strong></span> <span class='ocrx_word' id='word_1_688' title='bbox 1612 5293 1665 5352; x_wconf 93' lang='lat' dir='ltr'><strong>qno</strong></span> <span class='ocrx_word' id='word_1_689' title='bbox 1675 5285 1893 5359; x_wconf 87' lang='lat' dir='ltr'><strong>mortalesatqne</strong></span> <span class='ocrx_word' id='word_1_690' title='bbox 2012 5277 2013 5280; x_wconf 47' lang='lat'>&#39;</span> 
     </span>
     <span class='ocr_line' id='line_1_52' title="bbox 248 5367 1890 5445; baseline 0.005 -15"><span class='ocrx_word' id='word_1_691' title='bbox 248 5380 295 5430; x_wconf 86' lang='lat' dir='ltr'><strong>est</strong></span> <span class='ocrx_word' id='word_1_692' title='bbox 302 5372 400 5444; x_wconf 89' lang='lat' dir='ltr'><strong>quippe</strong></span> <span class='ocrx_word' id='word_1_693' title='bbox 412 5371 557 5444; x_wconf 88' lang='lat' dir='ltr'><strong>apostolica</strong></span> <span class='ocrx_word' id='word_1_694' title='bbox 566 5371 709 5441; x_wconf 65' lang='lat' dir='ltr'><strong>merida,</strong></span> <span class='ocrx_word' id='word_1_695' title='bbox 722 5388 783 5445; x_wconf 83' lang='lat' dir='ltr'><strong>qnae</strong></span> <span class='ocrx_word' id='word_1_696' title='bbox 791 5373 944 5432; x_wconf 87' lang='lat' dir='ltr'><strong>interiorem</strong></span> <span class='ocrx_word' id='word_1_697' title='bbox 956 5375 1045 5433; x_wconf 88' lang='lat' dir='ltr'><strong>bomi-</strong></span> <span class='ocrx_word' id='word_1_698' title='bbox 1095 5373 1218 5430; x_wconf 88' lang='lat' dir='ltr'><strong>carnales</strong></span> <span class='ocrx_word' id='word_1_699' title='bbox 1243 5369 1330 5428; x_wconf 81' lang='lat' dir='ltr'><strong>eiieeti</strong></span> <span class='ocrx_word' id='word_1_700' title='bbox 1345 5383 1456 5437; x_wconf 87' lang='lat' dir='ltr'><strong>sarnus,</strong></span> <span class='ocrx_word' id='word_1_701' title='bbox 1473 5367 1578 5426; x_wconf 80' lang='lat' dir='ltr'><strong>facilius</strong></span> <span class='ocrx_word' id='word_1_702' title='bbox 1593 5379 1618 5427; x_wconf 89' lang='lat' dir='ltr'><strong>el</strong></span> <span class='ocrx_word' id='word_1_703' title='bbox 1640 5375 1718 5442; x_wconf 87' lang='lat' dir='ltr'><strong>qnasi</strong></span> <span class='ocrx_word' id='word_1_704' title='bbox 1737 5374 1890 5440; x_wconf 77' lang='lat' dir='ltr'><strong>familiarius</strong></span> 
     </span>
     <span class='ocr_line' id='line_1_53' title="bbox 248 5459 2013 5540; baseline 0.004 -19"><span class='ocrx_word' id='word_1_705' title='bbox 248 5463 709 5536; x_wconf 81' lang='lat' dir='ltr'><strong>ucmreuovariinlleiaguitlone¹</strong></span> <span class='ocrx_word' id='word_1_706' title='bbox 724 5463 940 5540; x_wconf 68' lang='lat' dir='ltr'><strong>(couniunt)</strong></span> <span class='ocrx_word' id='word_1_707' title='bbox 955 5468 1046 5526; x_wconf 87' lang='lat' dir='ltr'><strong>decla·</strong></span> <span class='ocrx_word' id='word_1_708' title='bbox 1096 5462 1211 5520; x_wconf 81' lang='lat' dir='ltr'><strong>visibilia</strong></span> <span class='ocrx_word' id='word_1_709' title='bbox 1223 5477 1303 5534; x_wconf 87' lang='lat' dir='ltr'><strong>quarn</strong></span> <span class='ocrx_word' id='word_1_710' title='bbox 1317 5459 1494 5532; x_wconf 84' lang='lat' dir='ltr'><strong>intelligibilia</strong></span> <span class='ocrx_word' id='word_1_711' title='bbox 1517 5470 1711 5534; x_wconf 84' lang='lat' dir='ltr'><strong>pertractamus</strong></span> <span class='ocrx_word' id='word_1_712' title='bbox 1731 5483 1738 5520; x_wconf 75' lang='grc' dir='ltr'><strong>ε</strong></span> <span class='ocrx_word' id='word_1_713' title='bbox 1761 5483 1821 5526; x_wconf 81' lang='lat' dir='ltr'><strong>mann</strong></span> <span class='ocrx_word' id='word_1_714' title='bbox 1845 5475 1893 5529; x_wconf 87' lang='lat' dir='ltr'><strong>ista</strong></span> <span class='ocrx_word' id='word_1_715' title='bbox 2012 5523 2013 5536; x_wconf 67' lang='grc'>,</span> 
     </span>
     <span class='ocr_line' id='line_1_54' title="bbox 249 5551 1888 5630; baseline 0.005 -16"><span class='ocrx_word' id='word_1_716' title='bbox 249 5566 292 5614; x_wconf 90' lang='lat' dir='ltr'><strong>rat</strong></span> <span class='ocrx_word' id='word_1_717' title='bbox 300 5555 448 5618; x_wconf 80' lang='lat' dir='ltr'><strong>secundum</strong></span> <span class='ocrx_word' id='word_1_718' title='bbox 459 5557 603 5630; x_wconf 82' lang='lat' dir='ltr'><strong>imaginem</strong></span> <span class='ocrx_word' id='word_1_719' title='bbox 616 5556 675 5628; x_wconf 78' lang='lat' dir='ltr'><strong>eius</strong></span> <span class='ocrx_word' id='word_1_720' title='bbox 686 5557 734 5629; x_wconf 89' lang='lat' dir='ltr'><strong>qui</strong></span> <span class='ocrx_word' id='word_1_721' title='bbox 743 5558 915 5616; x_wconf 81' lang='lat' dir='ltr'><strong>creaviteam</strong></span> <span class='ocrx_word' id='word_1_722' title='bbox 926 5577 933 5614; x_wconf 93' lang='lat'><strong>:</strong></span> <span class='ocrx_word' id='word_1_723' title='bbox 944 5575 1005 5617; x_wconf 91' lang='lat' dir='ltr'><strong>eum</strong></span> <span class='ocrx_word' id='word_1_724' title='bbox 1018 5571 1046 5622; x_wconf 93' lang='lat' dir='ltr'><strong>et</strong></span> <span class='ocrx_word' id='word_1_725' title='bbox 1097 5555 1152 5613; x_wconf 89' lang='lat' dir='ltr'><strong>sint</strong></span> <span class='ocrx_word' id='word_1_726' title='bbox 1161 5555 1291 5623; x_wconf 87' lang='lat' dir='ltr'><strong>exterius,</strong></span> <span class='ocrx_word' id='word_1_727' title='bbox 1304 5551 1350 5610; x_wconf 89' lang='lat' dir='ltr'><strong>illa</strong></span> <span class='ocrx_word' id='word_1_728' title='bbox 1363 5553 1485 5620; x_wconf 84' lang='lat' dir='ltr'><strong>interius,</strong></span> <span class='ocrx_word' id='word_1_729' title='bbox 1499 5562 1527 5610; x_wconf 91' lang='lat' dir='ltr'><strong>et</strong></span> <span class='ocrx_word' id='word_1_730' title='bbox 1539 5554 1589 5610; x_wconf 89' lang='lat' dir='ltr'><strong>ista</strong></span> <span class='ocrx_word' id='word_1_731' title='bbox 1603 5569 1683 5622; x_wconf 87' lang='lat' dir='ltr'><strong>sensu</strong></span> <span class='ocrx_word' id='word_1_732' title='bbox 1692 5563 1814 5630; x_wconf 88' lang='lat' dir='ltr'><strong>corporis</strong></span> <span class='ocrx_word' id='word_1_733' title='bbox 1826 5581 1888 5622; x_wconf 89' lang='lat' dir='ltr'><strong>sen-</strong></span> 
     </span>
    </p>

    <p class='ocr_par' dir='ltr' id='par_1_42' title="bbox 155 5643 2013 5821">
     <span class='ocr_line' id='line_1_55' title="bbox 155 5643 2013 5726; baseline 0.006 -22"><span class='ocrx_word' id='word_1_734' title='bbox 155 5677 167 5689; x_wconf 93' lang='lat'><strong>·</strong></span> <span class='ocrx_word' id='word_1_735' title='bbox 249 5646 466 5716; x_wconf 87' lang='lat' dir='ltr'><strong>aliolooodieat,</strong></span> <span class='ocrx_word' id='word_1_736' title='bbox 480 5646 544 5704; x_wconf 78' lang='lat' dir='ltr'><strong>Etsi</strong></span> <span class='ocrx_word' id='word_1_737' title='bbox 558 5648 666 5704; x_wconf 75' lang='lat' dir='ltr'><strong>emerim</strong></span> <span class='ocrx_word' id='word_1_738' title='bbox 680 5648 1043 5726; x_wconf 82' lang='lat' dir='ltr'><strong>ltomonoatercorruntpitnr,</strong></span> <span class='ocrx_word' id='word_1_739' title='bbox 1098 5647 1205 5714; x_wconf 82' lang='lat' dir='ltr'><strong>tlemus,</strong></span> <span class='ocrx_word' id='word_1_740' title='bbox 1226 5645 1271 5702; x_wconf 92' lang='lat' dir='ltr'><strong>illa</strong></span> <span class='ocrx_word' id='word_1_741' title='bbox 1286 5651 1376 5702; x_wconf 90' lang='lat' dir='ltr'><strong>mente</strong></span> <span class='ocrx_word' id='word_1_742' title='bbox 1396 5643 1589 5715; x_wconf 56' lang='lat' dir='ltr'><strong>intelligamus</strong></span> <span class='ocrx_word' id='word_1_743' title='bbox 1616 5662 1718 5720; x_wconf 92' lang='lat' dir='ltr'><strong>nosque</strong></span> <span class='ocrx_word' id='word_1_744' title='bbox 1739 5652 1792 5724; x_wconf 90' lang='lat' dir='ltr'><strong>ipsi</strong></span> <span class='ocrx_word' id='word_1_745' title='bbox 1812 5659 1892 5715; x_wconf 84' lang='lat' dir='ltr'><strong>anina</strong></span> <span class='ocrx_word' id='word_1_746' title='bbox 2012 5695 2013 5700; x_wconf 22' lang='grc' dir='ltr'><strong>κ</strong></span> 
     </span>
     <span class='ocr_line' id='line_1_56' title="bbox 250 5736 2013 5821; baseline 0.005 -25"><span class='ocrx_word' id='word_1_747' title='bbox 250 5739 683 5796; x_wconf 62' lang='lat' dir='ltr'><strong>momentaneamque</strong></span> <span class='ocrx_word' id='word_1_748' title='bbox 704 5741 1044 5818; x_wconf 59' lang='lat' dir='ltr'><strong>neumasensium).</strong></span> <span class='ocrx_word' id='word_1_749' title='bbox 1096 5753 1149 5794; x_wconf 84' lang='lat' dir='ltr'><strong>non</strong></span> <span class='ocrx_word' id='word_1_750' title='bbox 1161 5736 1300 5794; x_wconf 77' lang='lat' dir='ltr'><strong>sensibiles</strong></span> <span class='ocrx_word' id='word_1_751' title='bbox 1315 5737 1408 5804; x_wconf 77' lang='lat' dir='ltr'><strong>sinus.</strong></span> <span class='ocrx_word' id='word_1_752' title='bbox 1422 5737 1449 5793; x_wconf 85' lang='lat' dir='ltr'><strong>n</strong></span> <span class='ocrx_word' id='word_1_753' title='bbox 1463 5743 1516 5805; x_wconf 79' lang='lat' dir='ltr'><strong>est,</strong></span> <span class='ocrx_word' id='word_1_754' title='bbox 1538 5751 1662 5808; x_wconf 78' lang='lat' dir='ltr'><strong>cornera,</strong></span> <span class='ocrx_word' id='word_1_755' title='bbox 1678 5745 1726 5799; x_wconf 79' lang='lat' dir='ltr'><strong>snt</strong></span> <span class='ocrx_word' id='word_1_756' title='bbox 1740 5747 1891 5821; x_wconf 80' lang='lat' dir='ltr'><strong>nnungnn·</strong></span> <span class='ocrx_word' id='word_1_757' title='bbox 2012 5743 2013 5752; x_wconf 46' lang='lat'>³</span> 
     </span>
    </p>
   </div>
   <div class='ocr_carea' id='block_1_8' title="bbox 227 5825 2013 5930">
    <p class='ocr_par' dir='ltr' id='par_1_43' title="bbox 227 5825 2013 5930">
     <span class='ocr_line' id='line_1_57' title="bbox 227 5825 2013 5930; baseline 0.025 -71"><span class='ocrx_word' id='word_1_758' title='bbox 227 5893 238 5930; x_wconf 21' lang='grc' dir='ltr'><strong>Ι,</strong></span> <span class='ocrx_word' id='word_1_759' title='bbox 283 5829 295 5861; x_wconf 73' lang='lat'>2</span> <span class='ocrx_word' id='word_1_760' title='bbox 310 5825 497 5896; x_wconf 49' lang='lat' dir='ltr'><strong>mmm,</strong></span> <span class='ocrx_word' id='word_1_761' title='bbox 507 5827 749 5899; x_wconf 59' lang='lat' dir='ltr'><strong>mmmm</strong></span> <span class='ocrx_word' id='word_1_762' title='bbox 1097 5831 1147 5900; x_wconf 89' lang='lat' dir='ltr'><strong>les,</strong></span> <span class='ocrx_word' id='word_1_763' title='bbox 1162 5831 1290 5904; x_wconf 88' lang='lat' dir='ltr'><strong>qnoniam</strong></span> <span class='ocrx_word' id='word_1_764' title='bbox 1302 5829 1357 5888; x_wconf 76' lang='lat' dir='ltr'><strong>elta</strong></span> <span class='ocrx_word' id='word_1_765' title='bbox 1369 5843 1463 5904; x_wconf 75' lang='lat' dir='ltr'><strong>sununs</strong></span> <span class='ocrx_word' id='word_1_766' title='bbox 1477 5848 1484 5888; x_wconf 91' lang='lat'><strong>:</strong></span> <span class='ocrx_word' id='word_1_767' title='bbox 1499 5837 1601 5922; x_wconf 67' lang='lat' dir='ltr'><strong>umen,</strong></span> <span class='ocrx_word' id='word_1_768' title='bbox 1615 5842 1645 5892; x_wconf 91' lang='lat' dir='ltr'><strong>ut</strong></span> <span class='ocrx_word' id='word_1_769' title='bbox 1656 5833 1723 5910; x_wconf 84' lang='lat' dir='ltr'><strong>dlxi,</strong></span> <span class='ocrx_word' id='word_1_770' title='bbox 1742 5843 1892 5911; x_wconf 66' lang='lat' dir='ltr'><strong>tmtstarta</strong></span> <span class='ocrx_word' id='word_1_771' title='bbox 2012 5911 2013 5926; x_wconf 12' lang='grc' dir='ltr'>χ</span> 
     </span>
    </p>
   </div>
   <div class='ocr_carea' id='block_1_9' title="bbox 0 0 2027 6324">
    <p class='ocr_par' dir='ltr' id='par_1_44' title="bbox 0 0 2027 6324">
     <span class='ocr_line' id='line_1_58' title="bbox 0 0 2027 6324; baseline 0 0"><span class='ocrx_word' id='word_1_772' title='bbox 0 0 2027 6324; x_wconf 95' lang='lat' dir='ltr'><strong> </strong></span> 
     </span>
    </p>
   </div>
  </div>
 </body>
</html>
