4034 6334
266 310 321 398 503
681 299 816 364 CONTRA
836 305 995 380 rtbsrbtt
1016 303 1241 378 tlrlhlcttratttt,
1262 307 1292 367 S.
1312 307 1493 368 tudttsrtrtt
1851 311 1903 372 ιιι

265 427 376 495 Christi,
392 426 534 499 pauperior
548 423 654 499 quidem
672 425 695 480 ei
711 432 810 495 nupta,
828 423 875 479 scd
889 421 974 487 diviti,
991 437 1058 477 con·
1115 438 1227 494 quorum
1238 425 1319 482 eorda
1329 413 1730 497 possidctCltristus;etridete,
1740 425 1763 482 sl
1774 424 1903 496 toleratis,

266 527 340 578 tenta
353 520 389 577 sit
401 519 479 575 bonis
496 519 584 573 mariti
597 519 655 583 sui,
670 515 807 571 humilium
823 524 971 571 amatorum
985 513 1061 570 dedi-
1115 516 1166 574 uisi
1175 519 1237 589 auia
1247 521 1304 590 ipse
1315 531 1356 576 est
1370 529 1460 576 restra
1470 521 1606 592 patientia.
1619 519 1812 577 Faustusnoro
1826 522 1905 579 melle

265 622 363 685 gnatur
376 626 457 683 opes,
480 609 589 666 sordeat
609 610 633 664 ei
648 603 815 663 Testamenti
826 607 930 664 Veteris
951 616 979 664 ιι
1002 606 1060 679 ejas
1113 611 1904 684 plenus,respuitaeetumvetus,etPaulusacetovetereplc-

263 704 383 762 auotoris
394 717 516 767 munera,
530 700 660 771 lamaeque
672 713 727 756 suar
739 709 829 755 eustos
843 698 1057 771 diligentissima,
1112 716 1173 770 nus,
1182 702 1274 758 clludit
1283 701 1490 774 dimidiumque
1497 702 1726 775 caperetiniusum
1734 703 1787 759 mel
1798 718 1905 771 aarum

261 796 315 852 nisi
330 795 422 866 sponsi
434 795 474 850 sui
487 809 540 848 non
557 789 879 860 aeaipttlttteras.lestra
892 789 1060 846 sarreaeete
1112 806 1166 848 non
1190 794 1366 862 servandum,
1396 794 1443 852 sed
1464 796 1700 866 corrumpendum.
1715 794 1796 851 viter
1821 797 1903 862 enim,

262 888 302 946 sia
317 895 428 958 usurpet
441 886 641 943 Testamentum
654 883 821 955 Vetus„qum
833 879 862 939 ut
875 884 972 940 lasciva
983 883 1060 954 virgo
1111 884 1182 955 qtrod
1195 885 1232 940 ait
1245 886 1381 955 apostolus
1393 887 1510 953 Paulus,
1527 886 1622 943 Serum
1641 886 1735 942 Chalai
1745 885 1906 953 ieameam-

262 979 404 1037 immemor
415 977 534 1048 pudoris,
549 977 628 1032 alieni
648 975 698 1032 viri
710 987 738 1033 et
754 977 908 1033 muneribus
921 977 1019 1049 gaudet
1032 984 1059 1032 et
1111 982 1152 1030 tarr
1162 977 1308 1045 apostolae,
1321 987 1467 1049 aegrepatar
1480 982 1508 1033 in
1525 977 1691 1049 Enanpetivm
1704 977 1771 1047 Dei,
1783 993 1818 1034 ex
1828 979 1907 1035 melle

261 1070 369 1128 litteris.
385 1068 496 1124 amator
507 1066 624 1140 denique
636 1068 680 1125 ille
694 1076 792 1138 vester,
805 1077 833 1125 et
846 1067 954 1139 pudoris
964 1083 1058 1124 carru·
1110 1082 1181 1123 novo
1193 1077 1244 1124 est.
1259 1069 1327 1124 illud
1339 1078 1427 1125 autem
1440 1069 1511 1141 quod
1525 1072 1662 1141 sequitur,
1678 1069 1753 1138 Quod
1766 1079 1826 1124 ante
1845 1086 1906 1139 pro-

224 1177 227 1184 ’
260 1170 323 1234 plor
335 1160 506 1218 ilebracorum
521 1159 601 1228 Deus,
612 1158 750 1232 diptychio
760 1158 864 1230 lapideo
878 1175 927 1215 suo
941 1200 949 1224 ‚
963 1174 1058 1214 aarum
1110 1161 1214 1215 adserat
1226 1177 1271 1230 per
1286 1158 1498 1231 prophetamus
1513 1162 1541 1216 in
1563 1157 1703 1232 seripturis
1713 1159 1907 1216 sanctisacri-

216 1239 243 1324 ’,ι
261 1252 339 1308 robis
350 1251 670 1322 promittitetargentum,
680 1251 780 1306 ventris
791 1249 959 1306 suauitatem
968 1249 1057 1322 (beat.
1110 1251 1213 1318 liorao,
1233 1252 1277 1322 pai
1291 1255 1375 1323 [aetna
1396 1261 1433 1306 eat
1450 1253 1525 1307 ιιίι
1544 1253 1639 1308 semine
1659 1252 1744 1307 barad
1765 1253 1908 1308 secandam

261 1361 320 1415 vua,
333 1345 404 1417 7-9),
415 1356 442 1401 ιι
455 1353 552 1402 terram
565 1343 778 1400 Chanauaeorum
792 1343 889 1416 (liaod.
902 1359 983 1411 xvtrt,
997 1342 1056 1414 ιι).
1110 1360 1210 1400 carnem
1220 1342 1308 1413 (Rom.
1322 1360 1341 1412 t,
1357 1345 1430 1413 ι-5);
1443 1355 1560 1403 exaeeto
1567 1355 1667 1404 vetere.
1680 1347 1746 1413 Quis
1764 1345 1815 1402 ltoc
1824 1347 1907 1401 susti·

260 1435 296 1494 tal
310 1450 359 1492 vos
372 1437 572 1492 delectaverunt
593 1445 646 1492 tam
661 1435 761 1492 sordidi
782 1445 914 1507 quaestus,
930 1443 959 1490 ut
978 1435 1059 1490 libeat
1110 1445 1187 1493 neret
1199 1436 1303 1502 audire,
1317 1436 1809 1495 nisinoseonsolareturidemdieens:
1820 1437 1907 1510 Opor-

258 1541 373 1598 peccarc
385 1534 446 1597 pest
458 1525 604 1592 Christum,
619 1534 649 1582 ut
665 1527 723 1582 sitis
736 1527 832 1597 ingrati
847 1533 900 1582 tam
920 1525 1058 1581 immensis
1109 1535 1143 1582 tet
1157 1537 1182 1582 et
1195 1528 1378 1594 hmesesmae,
1395 1537 1422 1584 ιιι
1438 1529 1538 1601 modali
1553 1529 1683 1602 manifesti
1703 1529 1767 1597 fiant
1791 1531 1818 1584 in
1836 1530 1907 1584 uobis

259 1617 368 1674 dotibus
378 1617 446 1688 eius.
462 1617 525 1672 llaec
536 1632 584 1672 vus
596 1615 720 1682 illiciunt,
736 1625 765 1672 ut
784 1615 811 1673 in
824 1613 998 1673 Hebraeorum
1011 1616 1057 1672 de·
1112 1617 1134 1690 (ι
1147 1617 1206 1674 Gor.
1220 1635 1258 1685 ιι,
1270 1618 1330 1691 {ihi
1343 1619 1397 1676 Sed
1406 1621 1545 1692 quidopus
1558 1631 1600 1675 est
1610 1621 1703 1676 eadem
1716 1619 1770 1692 jam
1783 1621 1908 1691 superius

259 1709 377 1780 pereatis
388 1709 443 1765 lieo
463 1717 525 1780 post
538 1709 644 1778 nuptias
668 1707 776 1763 Christi.
788 1707 897 1786 vDiscite
911 1723 981 1790 ergo
1001 1707 1056 1778 jam
1109 1709 1175 1766 satis
1187 1709 1258 1766 dieta
1267 1721 1391 1782 repetere
1403 1711 1473 1783 (tlt.
1484 1711 1535 1783 apt
1547 1711 1613 1767 Natu
1626 1727 1744 1782 manum
1764 1726 1870 1768 novum
1881 1720 1909 1768 et

259 1800 489 1858 nuncetiamlalli
508 1815 566 1867 vos,
590 1809 618 1857 et
632 1801 718 1871 decipi
741 1800 816 1856 laisla
836 1799 1059 1871 promissionibus
1110 1803 1297 1858 vestimentum
1313 1813 1400 1872 retus,
1414 1813 1441 1860 et
1451 1803 1542 1859 vinam
1553 1817 1652 1859 novum
1667 1812 1776 1860 etutres
1785 1812 1907 1871 veteres,

258 1893 329 1967 ejus.
344 1892 449 1963 Pauper
463 1902 519 1959 est,
533 1906 616 1964 egens
630 1900 681 1957 est,
699 1907 748 1948 nec
764 1906 796 1948 ea
812 1891 917 1963 quidem
931 1897 1058 1962 praestare
1110 1909 1163 1949 noa
1176 1893 1232 1950 duo
1250 1895 1422 1951 Testamenta
1436 1895 1598 1966 signinam-e,
1619 1894 1667 1951 sed
1690 1894 1757 1949 duas
1775 1894 1858 1960 ritas,
1882 1903 1910 1950 et

258 1997 420 2062 potestque·
439 1988 591 2058 promittit:
608 2001 669 2043 nam
688 1987 710 2042 si
732 1999 787 2042 suae
802 1983 918 2057 propriae
931 1983 1055 2056 coniugi,
1110 1999 1173 2057 spes
1197 1985 1288 2041 duas:
1309 1986 1342 2041 ad
1369 1985 1423 2042 duo
1445 2001 1510 2043 vero
1534 1984 1706 2042 Testamenta
1731 1985 1908 2057 intelligenda

258 2082 320 2139 dico
346 2092 434 2138 atatem
459 2079 624 2154 Synagogae,
650 2079 717 2134 nihil
744 2079 838 2134 harum
865 2087 974 2150 prestat
997 2095 1057 2150 qum
1108 2076 1182 2132 illam
1195 2076 1284 2132 datam
1296 2091 1383 2133 essen
1399 2077 1512 2133 Domino
1526 2076 1727 2133 similitudinem
1740 2119 1748 2141 ,
1762 2075 1911 2148 Propterea

257 2172 409 2244 pollicetur,
425 2181 452 2226 et
465 2170 572 2242 quidem
583 2185 686 2226 morem
703 2169 806 2240 gerenti
821 2170 872 2226 sibi
886 2183 934 2240 per
949 2170 1056 2237 omnia,
1109 2169 1192 2223 omnia
1204 2170 1287 2224 sariba
1301 2169 1415 2224 maditus
1424 2171 1451 2224 in
1462 2185 1540 2241 repro
1551 2167 1599 2224 Dei
1608 2169 1743 2224 rimilireat
1758 2168 1909 2239 paratarm-

257 2273 286 2321 et
304 2264 429 2321 servienti
447 2263 605 2320 submissius
616 2279 695 2335 quant
709 2263 821 2328 ancilla;
834 2264 911 2319 vobis
923 2272 1057 2333 praestare
1109 2259 1157 2315 ιιιι
1168 2259 1589 2331 propermidethesourosaonoro
1600 2267 1625 2314 ιι
1638 2257 1838 2329 vermalllaula.
1848 2273 1908 2325 ant,

258 2353 321 2426 quid
334 2354 431 2425 poterit
449 2352 543 2409 ahenis
561 2353 595 2409 ab
616 2367 656 2418 se,
685 2361 712 2408 et
737 2351 922 2407 mandatorum
947 2367 1056 2408 suorum
1108 2350 1167 2426 52),
1181 2368 1214 2408 ea
1226 2353 1268 2408 his
1279 2368 1341 2423 qum
1352 2361 1414 2408 ante
1428 2353 1544 2409 diximus
1553 2351 1733 2420 ,recordetur
1749 2351 1795 2422 qui
1809 2359 1908 2421 potue·

258 2439 469 2503 detrectantibus
488 2447 581 2517 jugum
598 2445 712 2516 superba
725 2444 848 2500 cervical
870 2444 924 2500 Sed
937 2460 986 2500 vos
999 2446 1056 2515 qui·
1108 2448 1153 2515 rit,
1169 2447 1210 2503 vel
1224 2455 1297 2502 eerte
1307 2455 1446 2502 recenseat
1458 2446 1505 2517 qui
1518 2445 1643 2501 voluerit.
1660 2444 1730 2500 uuas
1751 2444 1824 2498 enim
1844 2457 1911 2512 spes

257 2536 321 2593 dem
336 2535 438 2608 pergite
451 2552 531 2608 agere
546 2546 576 2591 ut
588 2537 719 2606 empistis,
736 2535 827 2590 rudem
843 2549 959 2605 pannum
973 2536 1056 2591 reteri
1107 2539 1131 2595 si
1143 2539 1203 2608 ouis
1216 2537 1351 2594 habendas
1374 2537 1507 2609 putauerit
1526 2547 1556 2593 ut
1571 2549 1599 2593 et
1618 2544 1729 2608 propter
1750 2536 1910 2593 felicitatem

257 2628 422 2684 vestimento
453 2628 634 2692 committite,
662 2641 759 2681 trorum
790 2627 881 2680 viuum
909 2627 1057 2681 veternosis
1108 2640 1257 2699 terrenam,
1271 2630 1545 2703 eapropterregnum
1560 2630 1690 2686 emiorum
1714 2629 1770 2684 beo
1789 2629 1910 2694 serviam

257 2721 365 2777 utribus
383 2720 483 2776 credite
509 2719 664 2792 (alatrium,
681 2719 724 2782 lli,
739 2721 796 2791 ll),
825 2720 929 2776 duobus
953 2720 1057 2776 maritis
1108 2723 1166 2778 hoec
1181 2724 1253 2778 illam
1268 2739 1320 2777 non
1335 2705 1421 2794 capit,
1436 2730 1464 2778 ιι
1477 2737 1539 2777 cum
1554 2721 1615 2776 lame
1628 2721 1716 2790 aliaue
1730 2719 1911 2775 tribulatione

258 2811 325 2868 nulli
354 2811 473 2882 placituri
502 2810 610 2876 servile,
636 2809 807 2865 christianam
835 2808 950 2881 denique
975 2809 1056 2865 ladem
1108 2812 1364 2884 lueritpertnrbata,
1379 2814 1507 2870 deterens
1520 2812 1911 2869 laomoamittetetiamillam.

162 2976 167 2982 q
258 2903 502 2975 Hippocentaurum
518 2900 613 2970 iracite,
629 2916 681 2957 nec
699 2917 796 2971 equum
824 2901 983 2974 perlectum,
1006 2917 1057 2958 trac
1107 2905 1335 2962 ladaestetillud
1353 2923 1360 2959 ι
1376 2903 1459 2960 Neruo
1473 2915 1555 2977 pateat
1569 2904 1668 2959 danim
1684 2904 1910 2959 dmniniaeeraire.

150 2982 152 2986 ¹
258 2995 394 3052 hominem
413 3014 419 3050 :
435 2995 512 3050 nobis
527 2993 576 3050 soli
591 2994 696 3048 Christo
711 2981 811 3050 servire
825 2994 981 3063 permittite,
996 2993 1056 3065 eius
1107 2997 1183 3065 Quod
1198 2997 1322 3066 exposuit
1347 2995 1451 3062 diceas,
1477 2995 1539 3051 Non
1562 2996 1667 3066 potestis
1686 2995 1741 3051 tter
1764 2994 1863 3050 seruire
1887 3002 1913 3048 ιι

257 3094 361 3142 teritum
388 3085 531 3140 immortali
564 3083 628 3138 dote
655 3083 809 3149 contentis,
837 3092 865 3139 et
892 3083 1056 3140 imitantibus
1107 3104 1260 3143 mammona
1282 3087 1337 3161 (td.
1358 3087 1467 3160 mal).
1491 3087 1575 3144 Tetus
1596 3096 1685 3144 autem
1703 3087 1911 3144 Testamentum

258 3185 416 3255 Apostolum
426 3182 469 3252 ιιι
482 3181 556 3248 dicit,
572 3179 728 3252 sufficientia
743 3186 829 3233 nostra
841 3194 873 3233 ear
888 3177 940 3233 lieo
953 3187 999 3242 ιιι,
1013 3177 1057 3248 qni
1107 3189 1181 3236 reete
1194 3179 1404 3251 intelligentibus
1416 3181 1556 3251 prophetia
1577 3191 1619 3237 est
1638 3180 1704 3236 Novi
1726 3180 1911 3236 Testamenti.

258 3274 418 3330 noaidoneos
432 3255 547 3343 probarit
558 3271 687 3325 ntinirtroa
702 3269 770 3325 Novi
787 3265 939 3324 Testamenti
952 3267 985 3342 (lt
994 3267 1054 3325 Cur.
1107 3271 1200 3344 itaque
1212 3280 1239 3328 et
1250 3274 1276 3328 in
1296 3274 1342 3329 illo
1354 3275 1441 3344 primo
1463 3273 1562 3345 populo
1581 3272 1666 3330 sancti
1690 3271 1860 3329 Patriarclaae
1884 3281 1914 3328 ιι

257 3381 297 3433 ιιι,
312 3367 338 3430 5,
352 3367 390 3436 6).
406 3364 579 3422 llcbroeorum
595 3363 640 3417 liei
654 3369 681 3416 et
695 3369 786 3416 nostra
797 3355 939 3416 admodum
951 3359 1055 3414 diversa
1107 3365 1260 3437 Prophetae,
1279 3366 1325 3438 qui
1340 3366 1523 3437 intelligebant
1542 3365 1613 3436 guod
1634 3365 1758 3436 agebant,
1771 3364 1817 3420 vel
1832 3363 1912 3436 quod

258 3456 444 3520 eortditioest3
460 3455 522 3526 qaia
546 3468 598 3508 nee
618 3451 677 3522 ipse
703 3447 763 3522 quiae
787 3451 919 3520 promittit
942 3449 1055 3520 implere
1106 3475 1156 3530 per
1177 3475 1225 3514 aas
1252 3459 1391 3528 agebatur,
1418 3460 1445 3514 iu
1468 3459 1543 3515 Novo
1571 3457 1744 3515 Testamenta
1770 3456 1915 3514 habebant

258 3559 356 3622 potest,
373 3557 399 3603 ιι
414 3561 464 3604 noe
484 3562 515 3603 ea
529 3544 679 3601 fastidimus
699 3545 830 3614 accipere.
852 3543 987 3614 Superbos
1004 3558 1055 3599 nos
1106 3551 1185 3607 isram
1204 3566 1279 3620 spem
1302 3552 1396 3605 rutrum
1419 3559 1528 3606 preme,
1545 3548 1598 3606 :ad
1613 3547 1679 3604 apud
1693 3548 1766 3605 epp„
1783 3549 1914 3618 pergine.

258 3641 386 3697 adrarstts
399 3639 542 3695 blanditias
554 3633 624 3708 ejttS,
638 3635 736 3691 Christi
760 3634 906 3690 liberalitas
928 3635 999 3690 tecit.
1016 3636 1055 3691 Aa
1106 3645 1182 3711 hant,
1198 3643 1269 3714 quod
1286 3643 1472 3713 intelligebant
1483 3650 1512 3697 et
1526 3641 1684 3712 diligebant;
1697 3641 1761 3712 quia
1772 3639 1825 3696 elsi
1839 3655 1917 3696 nott·

257 3747 292 3788 ue
315 3735 459 3803 incongrua
474 3743 518 3786 me
536 3731 592 3784 hmo
606 3741 776 3798 comparasse
790 3726 942 3791 existimes,
956 3723 1055 3780 Paulus
1107 3735 1169 3789 (tarn
1184 3724 1365 3798 revelabatur,
1379 3733 1434 3803 jam
1454 3742 1542 3788 tamen
1561 3731 1735 3803 figurabatur.
1757 3729 1799 3785 ild
1819 3729 1917 3787 Vetus

257 3823 285 3880 iu
298 3838 348 3879 tros
361 3823 431 3878 itanc
444 3820 590 3890 conjugalis
604 3819 752 3888 discipliuae
763 3815 964 3872 similitudinem
976 3815 1052 3886 prior
1106 3834 1195 3879 privem
1209 3823 1249 3879 itti
1262 3824 1443 3895 pertinebant,
1466 3822 1511 3893 qut
1534 3838 1587 3877 pon
1608 3822 1663 3878 attic
1684 3820 1798 3892 amptius
1823 3837 1916 3892 quam

257 3915 379 3976 eontulit,
392 3913 483 3968 diceus
500 3929 507 3964 :
525 3910 591 3976 Ωιι
608 3910 654 3964 aab
668 3911 721 3964 vira
736 3919 772 3964 est
785 3906 876 3962 mulier
887 3908 982 3962 uiuente
1001 3908 1054 3960 vtro
1108 3916 1239 3985 prontissis
1275 3914 1432 3985 temporalia
1463 3915 1578 3984 cogitata
1604 3912 1856 3982 contemptamur,
1885 3914 1916 3968 in

257 4005 364 4078 altipeta
377 4013 413 4058 ιιι
426 4004 538 4076 leporini
553 4018 562 4056 :
580 4003 602 4056 ιι
624 4009 709 4055 autem
724 4009 838 4054 mortuus
848 3999 976 4067 [uentris
988 4000 1053 4070 ep'rta,
1106 4007 1202 4078 quihns
1216 4018 1317 4062 aeterna
1333 4007 1445 4078 figurata
1468 4013 1496 4062 et
1516 4004 1675 4077 prophetata
1694 4017 1749 4060 non
1771 4002 1918 4076 intellige.

258 4097 341 4152 tottila
353 4105 414 4149 asta
430 4093 547 4165 legeuira'.
560 4089 632 4162 Erpa
641 4091 736 4144 uiuente
746 4091 799 4144 uiro
809 4089 947 4155 uocabitur,
957 4089 1051 4158 inquit,
1106 4099 1180 4156 pam,
1196 4099 1248 4155 sed
1262 4098 1321 4154 paec
1332 4100 1388 4170 jam
1400 4099 1466 4155 gagg
1485 4099 1621 4170 superque
1634 4097 1769 4168 prioribus
1787 4111 1917 4169 respon.

258 4188 385 4252 odnltera,
401 4187 422 4241 ιι
436 4187 528 4256 juncto
540 4184 617 4254 [uerit
630 4181 704 4235 atteri
723 4181 775 4234 uiro
791 4179 877 4250 :quoti
899 4180 922 4234 ai
940 4189 1055 4234 mortitam
1105 4191 1228 4246 sionibus
1240 4190 1340 4245 nostris
1351 4189 1421 4245 dicta
1437 4196 1509 4244 supr,

260 4284 337 4355 snerlt
355 4281 393 4334 air
413 4279 477 4346 ejas,
491 4293 542 4330 non
559 4276 605 4330 erit
626 4273 741 4328 adultera
754 4273 799 4326 atil
815 4273 948 4344 conjurteta
959 4270 1053 4341 (Ram.
1141 4280 1255 4338 CAPUT
1275 4279 1318 4336 ill,
1338 4311 1374 4321 -
1392 4280 1514 4337 litavere
1528 4288 1570 4336 eat
1581 4279 1712 4336 mirabilis
1724 4278 1917 4348 tmpademta,

259 4375 354 4443 vrri,
370 4371 409 4445 5).
427 4372 478 4427 Ριι
493 4368 717 4433 hacosteudens‚
739 4365 832 4437 spiritu
853 4363 983 4421 maechari
1005 4379 1054 4422 θοι
1106 4389 1167 4430 cum
1193 4374 1398 4429 llaniehaeorum
1424 4371 1553 4444 sacrilega
1576 4382 1604 4429 et
1628 4371 1763 4426 immunda
1785 4372 1920 4427 societas

259 4466 306 4538 atti
317 4479 370 4532 non
379 4471 442 4518 aare
456 4461 637 4532 repudiantes,
649 4470 676 4514 aa
686 4459 711 4512 ln
723 4457 834 4512 mortuis
848 4456 963 4528 quodam
973 4456 1054 4513 modo
1106 4467 1186 4524 etiam
1197 4461 1541 4536 matanaspoasamcmlstl
1554 4460 1764 4532 misceremur
1779 4459 1919 4518 dubitat:

256 4565 390 4630 ponentes
404 4555 482 4626 Legis
494 4561 643 4618 auctorem,
654 4560 708 4605 tum
720 4550 826 4604 demtum
834 4563 864 4604 se
870 4547 1055 4618 copulaverint
1106 4557 1134 4612 in
1144 4572 1198 4628 quo
1209 4555 1336 4611 adversus
1349 4561 1450 4609 saneta
1462 4552 1589 4609 Eeeiesim
1598 4567 1662 4606 rere
1675 4558 1749 4606 easta
1761 4551 1920 4608 memhra¹

258 4650 375 4709 Christo.
398 4647 475 4716 Quod
497 4646 596 4700 dictum
617 4643 650 4699 ad
664 4658 711 4699 eos
726 4645 858 4714 praecipue
872 4645 993 4712 spectat,
1007 4640 1052 4710 otti
1106 4647 1171 4719 quid
1186 4647 1300 4718 prolicit,
1314 4645 1365 4701 nisi
1379 4653 1409 4700 ut
1419 4645 1509 4702 veniat
1519 4629 1550 4699 vin
1564 4652 1681 4699 mentem
1694 4642 1826 4698 adversus
1842 4644 1922 4699 tales

258 4740 423 4800 crediderint
437 4753 469 4794 ex
483 4737 597 4804 ludaeis,
619 4735 744 4792 videlicet
761 4740 790 4789 ut
816 4732 865 4802 ipsi
884 4732 938 4787 sint
959 4732 1054 4802 primae
1106 4740 1250 4810 apostolica
1262 4739 1307 4794 itta
1318 4737 1466 4793 admonitio
1476 4755 1482 4791 :
1492 4726 1635 4807 Apmotuoa
1647 4736 1693 4790 ani
1703 4736 1767 4802 uiro,
1779 4735 1923 4806 uirginem

259 4833 459 4908 superstitionis
472 4831 556 4886 ohliti.
570 4829 652 4885 Nobis
664 4844 727 4884 vero
742 4829 768 4884 in
781 4826 834 4892 hoc
846 4824 911 4897 quid
930 4840 998 4897 opus
1011 4833 1054 4882 est
1105 4842 1202 4888 aaran
1215 4831 1331 4886 ahiam
1341 4830 1451 4885 chriam.
1466 4827 1553 4884 Timeo
1566 4837 1661 4894 ιιιιιιι,
1674 4843 1705 4881 ιι
1718 4826 1784 4881 sicat
1798 4843 1923 4899 seperta

259 4929 301 4986 rel
328 4934 479 5000 precepto,
508 4923 604 4994 quihus
628 4936 661 4977 ea
684 4918 836 4977 Gentilitate
858 4917 996 4974 conversis
1019 4917 1053 4972 ad
1105 4921 1187 4978 anm
1207 4921 1297 4994 sepeliit
1316 4921 1412 4977 ortaria
1425 4935 1481 4984 aaa,
1494 4920 1531 4974 ιιι
1544 4928 1568 4974 et
1579 4927 1667 4974 uestrae
1680 4926 1775 4972 menter
1788 4932 1926 4974 mnuat-

260 5021 406 5087 Christum,
419 5017 592 5073 Hebraeorum
608 5013 679 5068 Deus
691 5007 1052 5066 rtottmortuusdebetvide-
1106 5012 1359 5086 pantmaeaetitate,
1374 5027 1431 5082 prm
1442 5020 1479 5066 ιιι
1491 5006 1629 5066 inclamato
1643 5007 1747 5078 (licor.
1759 5022 1797 5075 at,
1813 5007 1848 5074 2,
1868 5011 1925 5081 3i?

259 5117 302 5181 li.
318 5113 365 5172 sod
379 5125 428 5170 nec
443 5106 539 5164 uatusl
553 5105 623 5163 Sane
637 5103 746 5170 tadeo,
763 5100 785 5158 si
801 5100 909 5168 eladii,
924 5099 1051 5156 Αιθιθῑιι
1105 5107 1173 5178 Quid
1184 5107 1254 5164 enim
1264 5114 1347 5177 agunt
1357 5107 1399 5160 isti
1409 5103 1623 5175 evangelizantes
1633 5103 1711 5158 nohis
1721 5108 1823 5172 preter
1834 5105 1925 5173 quad

257 5206 338 5262 dehet
352 5203 434 5260 videri
446 5200 597 5264 deiunctae,
611 5185 703 5268 gentili
725 5208 789 5250 vera
807 5193 907 5250 idolum
923 5211 930 5247 ι
946 5201 974 5248 ιι
993 5193 1053 5248 uui·
1105 5202 1267 5272 rumpimus,
1281 5199 1331 5254 nisi
1346 5207 1375 5253 ut
1389 5211 1438 5253 nos
1452 5211 1467 5251 a
1480 5197 1603 5251 eastimte
1616 5199 1805 5263 corrumpant,
1822 5209 1924 5264 quam

259 5298 354 5367 artique
370 5295 439 5368 quud
463 5303 504 5350 est
517 5300 659 5348 veneratus
673 5299 735 5345 ante
754 5288 889 5360 cognitum
905 5286 1050 5342 Chrisillm·
1105 5294 1212 5352 Christo
1225 5305 1376 5356 servamus,
1391 5287 1498 5360 quaudo
1513 5287 1599 5359 legem
1609 5285 1658 5342 Dei
1672 5284 1781 5355 culpant
1793 5289 1927 5345 nomine

259 5388 326 5446 Nam
351 5387 373 5442 ιι
402 5391 460 5455 ιθιέ
480 5383 637 5440 ῑῦθιθιιιιιῗιι
661 5381 772 5450 divortia
795 5379 967 5437 Ηθιιῐιθθιῑιιῐι
992 5379 1052 5449 auls
1105 5387 1254 5454 uetustatis,
1269 5394 1296 5441 et
1316 5398 1437 5440 errorem
1456 5396 1534 5437 suum
1559 5379 1669 5437 laudant
1691 5377 1800 5434 nomine
1825 5382 1925 5436 trevi·

257 5483 342 5536 ileum
363 5485 390 5532 el
403 5475 537 5532 Christum
558 5474 658 5546 pariter
672 5473 757 5539 colat,
772 5471 837 5526 nihil
852 5471 896 5527 tlte
908 5468 1016 5542 quidem
1036 5483 1051 5523 a
1106 5481 1177 5547 parts,
1199 5477 1274 5549 quast
1298 5477 1385 5531 opinis
1403 5481 1523 5530 remmus
1541 5470 1666 5544 tugierma
1686 5470 1731 5538 sit,
1746 5478 1793 5525 aut
1812 5474 1928 5532 omnis

256 5570 348 5628 detriti
361 5567 469 5639 pudoris
490 5565 586 5622 lemine
600 5565 772 5636 discrepavit,
797 5579 856 5635 quae
883 5570 945 5635 post
971 5561 1052 5618 unias
1105 5570 1208 5628 novitas
1222 5565 1389 5640 apparentum
1403 5579 1465 5621 eum
1478 5572 1506 5620 et
1518 5561 1673 5618 mandatum
1687 5567 1764 5617 vetus
1780 5560 1807 5616 in
1823 5559 1928 5623 laudo

259 5663 345 5738 mariti
357 5662 458 5718 obitum
469 5657 573 5714 duobus
583 5656 725 5730 nupserit,

252 5809 256 5818 ,
297 5747 1050 5832 CAPlel.-auotrsrtnusrespoudit:hardilehaes,
1137 5749 1216 5802 1ιιιι
1227 5741 1655 5806 edatiotnv..nereeathnlttaeeatta
1668 5740 1785 5790 menbra.
