4034 6334
148 373 205 434 oea
869 373 1093 434 6666666666.
1746 391 1799 454 593

149 495 324 562 venitatem,
338 493 375 553 de
389 508 442 570 ona
460 497 533 556 inter
547 511 596 554 nos
613 502 641 553 et
655 493 728 568 ipsos
739 493 854 551 maxims
869 509 945 566 que·
1003 502 1040 549 est
1052 493 1218 552 6666666666
1232 499 1366 570 66666666
1378 496 1429 558 Tm
1439 502 1472 574 (il
1486 501 1545 561 Gor.
1563 523 1597 562 ιιι
1607 505 1666 580 ..6)
1682 509 1798 570 Sarreto·

148 586 206 644 stio
217 596 275 653 eet,
287 587 317 643 in
329 587 374 644 iris
386 589 470 646 tritius
484 588 604 660 66666666
616 587 801 644 demonstrare
814 599 866 641 non
882 599 948 657 pos-
1002 601 1061 642 rom
1074 601 1137 659 erpo
1151 589 1220 646 Deus
1230 593 1442 651 ostoonsolator.
1457 596 1509 668 ipsi
1523 597 1584 669 quii
1586 614 1620 671 po
1634 599 1799 658 6666166666-

148 686 226 736 sunt.
237 679 388 736 cmaentm
402 680 437 735 ud
454 680 586 737 humanos
599 694 688 736 mores
702 679 752 735 ists
765 677 899 745 relerunt,
921 686 949 734 et
1001 675 1060 734 les:
1073 677 1143 735 unde
1155 687 1210 736 tres
1222 681 1296 736 iiii'
1272 685 1321 740 uiri
1342 685 1487 744 inmmino
1506 687 1615 756 dieunt,
1630 679 1795 760 Benedicite,

148 771 308 828 abiumsni
320 773 629 843 generiseousuetodine
640 785 719 846 nuum
731 771 948 842 cogitandopos-
1000 769 1083 824 666666·
1094 777 1117 824 et
1131 769 1238 828 66666666
1249 773 1342 843 corde,
1355 775 1493 834 Dominum
1508 779 1588 852 (6666.
1601 797 1639 849 ιιι,
1654 781 1710 856 86)
1724 783 1797 840 Deus

148 875 325 936 6666666666
338 881 393 922 non
412 866 543 923 resedam
558 866 695 938 (animalis
708 867 780 923 enirn
800 865 881 921 lromo
894 879 948 920 non
1000 875 1043 921 est
1062 865 1152 937 itaque
1174 866 1288 938 Spiritus
1307 880 1414 928 6666666
1437 873 1482 946 66ιί
1502 876 1654 932 6666666666
1668 875 1797 937 humiles.

149 959 265 1030 percipit
277 968 412 1031 quaesunt
425 959 540 1032 Spiritus
555 962 602 1018 ltel
616 961 638 1036 [l
650 961 710 1018 Gor.
734 977 768 1029 n,
784 958 861 1033 66));
884 959 948 1031 quid
1000 954 1117 1013 Proinde
1136 957 1196 1026 66ιὶ,
1211 968 1258 1014 eut
1271 960 1342 1031 quod
1365 963 1477 1034 nolunt,
1491 965 1623 1023 fateantur
1639 967 1721 1025 666666
1737 983 1798 1024 esse

149 1049 225 1106 aliud
238 1066 287 1107 nos
299 1050 456 1120 admonent,
469 1052 520 1108 nisi
530 1053 591 1124 6666
603 1062 630 1108 66
644 1056 799 1123 imperator,
813 1061 840 1108 et
854 1049 947 1123 juder,
1000 1044 1129 1118 Spiritum
1144 1057 1264 1106 sanetum
1284 1067 1292 1105 ε
1309 1058 1356 1108 aut
1367 1053 1389 1108 si
1401 1053 1453 1110 lroe
1464 1055 1498 1112 de
1510 1056 1587 1114 Patre
1598 1099 1606 1124 ,
1618 1058 1660 1113 vel
1674 1058 1709 1114 de
1723 1042 1798 1115 'nitio

148 1153 180 1199 et
197 1141 360 1212 6666666666,
377 1143 499 1202 homines
513 1146 592 1201 sunt?
606 1144 723 1202 Proinde
732 1145 816 1215 iudex
831 1145 949 1214 impere-
999 1137 1100 1196 dietum
1122 1141 1157 1198 ab
1169 1141 1298 1214 Apostolo
1311 1143 1404 1201 volunt
1417 1145 1519 1218 666666,
1533 1148 1657 1205 desinant
1674 1150 1797 1206 consola·

149 1244 213 1290 tore
226 1236 236 1266 ¹
250 1235 357 1291 etiamsi
371 1243 504 1306 potestate
518 1237 681 1306 minorent,
696 1251 751 1292 nen
766 1236 949 1294 minuslromo
1001 1230 1082 1287 tionis
1095 1241 1221 1304 unquam
1238 1250 1349 1292 munere
1373 1238 1479 1308 proprio
1494 1253 1618 1312 seperare
1639 1257 1654 1298 6
1676 1243 1754 1300 Patre
1768 1251 1797 1300 et

148 1335 204 1382 666
229 1325 286 1382 tice
306 1327 395 1384 minas
413 1343 493 1398 onem
516 1326 598 1398 juder
620 1328 702 1384 iromo
721 1335 763 1384 est
783 1327 946 1395 advocatus,
999 1321 1097 1378 unitio
1112 1339 1253 1396 personum
1266 1326 1381 1398 Spiritus
1397 1329 1493 1384 saneti.

147 1417 258 1474 etiarnsi
278 1417 487 1476 oilleiovidetnr
506 1419 590 1492 judici
614 1435 676 1476 esse
696 1420 839 1490 srrirjeetus.
860 1418 948 1476 Patris
1036 1413 1149 1474 CAPUT
1159 1415 1220 1473 lix.
1234 1418 1336 1475 -Jum
1350 1419 1425 1485 illud,
1437 1421 1508 1492 quiid
1519 1423 1579 1480 ideo
1591 1425 1718 1498 Spiritum
1731 1441 1795 1484 snu-

148 1525 218 1582 6666
227 1519 255 1568 er
264 1511 326 1568 66166
340 1520 368 1568 er
377 1512 492 1584 spii-irus
502 1515 598 1579 666666,
614 1513 718 1568 etiamst
729 1512 861 1582 disparem
874 1511 948 1584 cogi·
999 1511 1071 1560 etum
1084 1505 1154 1562 Filio
1169 1509 1299 1566 minorem
1310 1513 1600 1584 eonanturostendere,
1614 1515 1685 1586 quod
1698 1517 1748 1574 iste
1760 1517 1797 1573 sit

149 1612 212 1658 tunt
224 1612 404 1675 potestatem,
419 1615 541 1661 naturam
555 1605 650 1662 saltem
668 1606 847 1662 confiteantur
858 1621 950 1676 mqua-
999 1597 1072 1654 illius
1087 1605 1211 1670 unquam
1224 1598 1322 1670 judicis
1334 1599 1490 1670 advocatus,
1505 1603 1584 1658 etium
1600 1603 1794 1664 hominessan-

149 1694 216 1752 ten.
240 1694 309 1764 Quid
327 1696 399 1767 quod
420 1711 468 1752 eos
485 1696 619 1754 deteriore
637 1697 718 1752 etium
732 1711 813 1768 quern
832 1695 948 1752 irumans
999 1701 1057 1750 etos
1078 1693 1164 1750 eidem
1185 1695 1251 1749 mira
1266 1695 1386 1751 66666666
1403 1703 1580 1768 praeponunt,
1598 1697 1631 1752 de
1645 1698 1741 1768 quilius
1758 1681 1819 1752 666Ι

148 1794 214 1854 est,
235 1785 390 1842 conditione
403 1786 575 1860 6666666666
585 1786 658 1844 Fieri
671 1787 742 1844 enim
757 1795 845 1858 potest
865 1787 891 1843 ln
905 1803 949 1843 re·
1000 1782 1071 1840 idem
1092 1783 1218 1840 Dominus
1234 1803 1240 1840 :
1255 1784 1380 1842 Sededitt's
1400 1802 1477 1856 super
1491 1786 1623 1842 duodecim
1644 1787 1732 1854 sedes,
1755 1791 1797 1856 iu·

149 1878 203 1934 lroe
222 1878 363 1946 nummis,
378 1878 467 1950 utqui
484 1879 565 1950 judex
586 1879 682 1947 luerit,
703 1878 783 1935 etiam
804 1879 950 1950 imperator
1000 1874 1111 1931 dicenter
1123 1874 1255 1932 duodecim
1276 1879 1356 1933 tritus
1368 1878 1452 1934 lsrael
1474 1878 1582 1951 (666666.
1600 1896 1662 1947 ιιι,
1683 1878 1739 1956 st).
1757 1880 1796 1936 lbi

151 1970 200 2024 Sat
215 1987 223 2024 ε
238 1971 290 2027 noe
308 1970 353 2028 isti
366 1973 393 2028 in
415 1971 459 2028 ilia
474 1971 604 2028 Trinitatis
616 1987 668 2029 nec
686 1972 856 2044 imperatoris
870 1973 949 2030 unico
1000 1967 1194 2038 respondeant,
1216 1970 1278 2040 quid
1302 1969 1353 2026 erit
1373 1969 1488 2044 Spiritus
1501 1979 1608 2030 sonrtus
1624 1991 1631 2027 ε
1645 1988 1705 2028 enm
1727 1972 1796 2029 Filio

149 2061 521 2134 filiomaestsmdipnsntur.
534 2062 644 2131 Quodsi
657 2062 773 2120 lorteex
787 2062 950 2146 6666666666.
997 2056 1100 2129 iudex,
1121 2073 1155 2114 nn
1176 2060 1245 2131 apud
1266 2061 1370 2131 iudices
1388 2063 1469 2120 etiam
1490 2062 1611 2120 homines
1631 2064 1796 2122 udroeatnsl

149 2153 449 2212 risreiennsueindinis
458 2155 582 2223 ior-muln,
593 2153 740 2228 majestatis
753 2155 854 2214 6666666
867 2156 948 2214 etiam
999 2147 1176 2205 desirantem
1188 2149 1237 2206 ista
1250 2165 1265 2204 n
1279 2150 1349 2207 fideli
1363 2152 1445 2210 corde
1459 2152 1597 2218 6666066666,
1609 2163 1637 2210 nt
1651 2154 1685 2210 sil
1695 2153 1794 2226 judiei-

149 2244 180 2300 66
193 2243 250 2301 sliu
261 2245 371 2302 nimium
382 2245 565 2316 relormidant,
580 2247 790 2304 annominemus
799 2257 864 2321 6666
877 2249 948 2320 quod
999 2239 1049 2298 eus
1059 2242 1147 2299 minor
1157 2243 1301 2300 advoestus
1313 2243 1427 2316 Spiritus
1436 2254 1559 2315 sonetus;
1570 2263 1631 2304 oum
1643 2248 1679 2304 ilii
1690 2248 1793 2320 utique,

148 2336 300 2394 6666666666
311 2337 427 2394 (teiam
447 2331 521 2394 nt'sd
539 2337 703 2410 judiciariam
724 2348 882 2411 potestatem
897 2341 948 2396 ati.
1000 2343 1029 2390 ut
1040 2335 1142 2408 judiees
1155 2338 1224 2405 sint,
1239 2339 1392 2411 repleantur
1409 2339 1508 2410 Spiritu
1522 2349 1615 2397 saneto
1626 2384 1633 2411 ,
1646 2342 1793 2398 seeundum

148 2429 258 2501 quando
282 2430 429 2501 perveniet.
453 2431 508 2488 lieo
521 2431 572 2488 lroe
585 2431 692 2504 quidem
705 2431 806 2488 roiunt.
827 2431 949 2490 Deterior
998 2445 1077 2502 quiem
1090 2429 1209 2487 visentes
1224 2431 1291 2488 lunt
1310 2432 1471 2505 spirituales.
1487 2431 1634 2504 Spirituslis
1649 2435 1719 2491 enim
1740 2451 1794 2490 ors·

148 2531 278 2596 6666666,
292 2523 365 2595 quod
378 2525 466 2591 alisii,
481 2525 507 2580 in
521 2524 565 2580 ills
575 2523 704 2581 Trinitate
714 2565 722 2592 ,
734 2539 815 2597 quum
828 2523 855 2580 in
867 2539 949 2597 uene·
998 2521 1042 2576 666
1058 2521 1160 2593 judicat
1174 2521 1196 2594 (Ι
1216 2519 1275 2579 Gor.
1295 2539 1331 2592 n,
1347 2523 1404 2592 65).
1419 2524 1559 2592 Quomodo
1573 2539 1637 2598 erpo
1650 2525 1740 2582 minor
1752 2536 1794 2584 est

148 2615 190 2672 ris
200 2614 312 2672 66666666
326 2616 488 2673 mortslitate
497 2615 625 2672 eonditio.
995 2613 1085 2688 judice
1097 2617 1141 2688 qui
1153 2615 1257 2686 ludices
1267 2615 1340 2687 iueit,
1355 2631 1415 2674 eum
1426 2615 1489 2674 lucit
1500 2625 1530 2675 nt
1542 2618 1640 2690 judicis
1653 2619 1723 2676 illius
1739 2619 1793 2675 sint

184 2705 300 2764 CAPUT
312 2705 384 2764 666.
394 2737 432 2750 ·-
443 2707 528 2765 Porro
538 2707 675 2780 Scriptura
686 2715 795 2777 666666,
807 2714 868 2780 ons
881 2707 947 2765 istos
998 2705 1117 2764 membra
1131 2715 1247 2763 ossuum
1259 2707 1397 2780 tempium,
1411 2709 1515 2766 dioente
1526 2708 1665 2782 66666616,
1678 2709 1793 2780 Corpore

147 2797 256 2854 distem
266 2806 343 2854 auus
356 2811 409 2854 noo
420 2797 569 2855 differentis
582 2807 761 2870 potestatum,
775 2799 822 2856 sed
835 2815 946 2871 operum
997 2809 1079 2857 666666
1088 2800 1199 2858 mentire
1208 2809 1268 2857 sunt
1280 2799 1375 2857 Cdristi
1387 2817 1396 2857 :
1408 2801 1557 2874 eodemque
1569 2800 1661 2858 itidem
1675 2801 1792 2874 dicente,

148 2889 332 2950 muttum
343 2891 463 2957 metitur,
474 2891 631 2948 udroestum
644 2892 851 2953 nostnrmetiour
860 2890 946 2964 ipsnrn
997 2890 1112 2964 Corpmo
1124 2901 1206 2950 uestro
1218 2891 1341 2964 66666666
1353 2899 1390 2948 est
1409 2891 1522 2964 Spiritus
1535 2892 1616 2948 roseti
1628 2893 1672 2965 666
1684 2893 1710 2946 in
1725 2891 1793 2946 neiis

146 2981 266 3054 Judioen
280 2983 369 3048 aeut,
387 2981 494 3038 66666666
505 2981 627 3054 apostolo
637 2981 740 3040 ioenne
754 3001 761 3038 ι
777 2981 809 3039 Si
821 2984 879 3054 6666
893 2999 947 3053 pee-
996 2985 1052 3040 est¹
1066 2981 1122 3058 (66.
1135 2998 1173 3051 ιι,
1183 2983 1227 3051 iis,
1238 2983 1304 3058 llil
1318 2983 1352 3040 Et
1363 2983 1484 3041 tamensi
1495 2981 1662 3054 apertissime
1672 2982 1794 3056 legerent

146 3074 263 3142 med,
284 3071 434 3129 6666666666
455 3074 574 3131 6666666
585 3073 620 3130 66
635 3072 752 3142 Patres,
772 3072 862 3130 desum
872 3073 948 3130 Ciri-
998 3075 1025 3132 in
1037 3075 1137 3134 sancus
1149 3073 1294 3148 Scripturis
1306 3073 1478 3134 Salomonem
1493 3089 1583 3147 regem
1595 3076 1673 3148 lignis
1686 3083 1714 3134 et
1726 3075 1794 3146 lapi·

147 3163 485 3241 miserandorum
495 3164 553 3239 6).
566 3165 643 3236 Quod
654 3165 758 3222 etism
750 3165 946 3248 666666666666
996 3167 1104 3226 dibus·
1093 3184 1170 3240 iussu
1183 3167 1232 3226 liei
1256 3167 1383 3239 tempium
1405 3169 1535 3226 stersisse
1549 3167 1658 3240 Spiritui
1680 3175 1792 3237 saneto,

147 3256 195 3314 ulti
207 3256 292 3324 deit,
316 3255 423 3331 6666666
437 3255 561 3325 Putrem,
573 3266 598 3314 rt
611 3257 691 3314 66666
706 3241 857 3314 6666666666
877 3257 947 3314 dudit
996 3260 1081 3318 666666
1095 3275 1156 3320 esse
1169 3259 1297 3334 Spiritum
1315 3269 1437 3318 sanetum
1450 3261 1573 3318 dubitare
1585 3277 1639 3320 non
1663 3268 1793 3332 possetis

146 3347 219 3406 66666
230 3348 321 3422 (6666.
333 3363 394 3418 ιιι,
409 3345 465 3423 66).
476 3345 569 3422 Neurus
581 3349 655 3406 enim
668 3357 742 3406 esset
760 3347 874 3424 Spiritus
883 3366 948 3408 6666-
996 3353 1040 3409 eoi
1054 3360 1127 3409 tants
1140 3351 1277 3425 religionis
1291 3351 1416 3422 servitus,
1429 3367 1490 3426 6666
1504 3352 1580 3409 latria
1593 3353 1692 3409 dieitur
1702 3350 1794 3426 ,6666-

147 3451 209 3498 6666
221 3440 370 3498 adreestus
381 3439 466 3508 silus,
481 3440 532 3498 nisi
523 3439 598 3497 lsoe
609 3448 682 3497 esset
695 3439 826 3498 etFilius.
840 3439 890 3510 Qui
904 3450 946 3497 ta·
997 3443 1063 3502 time
1073 3442 1265 3502 exhiberetur
1257 3459 1286 3502 an
1298 3444 1396 3518 populo
1408 3443 1467 3512 liei,
1478 3452 1508 3500 ut
1520 3441 1558 3500 illi
1570 3445 1652 3500 etism
1664 3443 1792 3514 templum

148 3546 212 3590 roeo
227 3539 258 3588 st
277 3525 465 3603 inseparabilia
478 3545 527 3588 sua
539 3539 568 3588 et
579 3531 669 3588 Patris
679 3545 761 3604 opera
776 3529 945 3589 demonstra·
996 3533 1190 3602 labriesretur;
1208 3550 1269 3593 eum
1294 3535 1421 3592 Dominus
1442 3534 1530 3602 dieat,
1552 3533 1689 3590 1666666666
1711 3533 1792 3590 Deum

147 3631 201 3692 666,
215 3623 263 3690 ait,
276 3621 478 3695 Cumipssiero,
488 3623 652 3680 6666666666
664 3621 699 3678 od
710 3637 753 3678 uos
765 3619 821 3695 (66.
832 3638 887 3686 ιιι,
898 3623 945 3693 il:
997 3633 1070 3680 tuum
1081 3624 1218 3694 udoraiis,
1230 3633 1254 3680 st
1266 3623 1305 3682 itti
1323 3624 1372 3681 soii
1384 3625 1476 3682 seruies
1487 3621 1577 3698 (deut.
1588 3641 1625 3693 ιι,
1639 3624 1704 3696 idi:
1720 3625 1791 3696 6666

147 3714 273 3785 qamvis
285 3713 339 3770 aiio
350 3711 510 3781 locedien,
527 3712 609 3782 Quem
621 3713 701 3769 666666
714 3709 794 3769 Pater
805 3713 833 3770 66
846 3713 948 3771 6666666
996 3713 1025 3769 66
1037 3729 1125 3786 greco
1136 3723 1188 3784 est,
1202 3721 1345 3790 66666666.
1355 3715 1461 3774 Eleum
1474 3731 1570 3787 666666
1582 3713 1682 3771 sudem
1695 3716 1791 3780 Derim,

148 3823 206 3862 6666
216 3804 274 3878 (66.
286 3821 343 3871 ιιι,
355 3804 414 3879 stt).
426 3805 476 3876 titt
486 3803 636 3861 ostenditur
649 3803 721 3876 qnod
734 3803 851 3862 etPater
861 3814 889 3862 et
902 3803 947 3860 ut-
996 3806 1042 3878 qui
1057 3821 1111 3862 non
1130 3805 1201 3880 ligne
1220 3815 1248 3864 et
1264 3805 1385 3878 lapides,
1404 3806 1453 3864 sod
1468 3805 1586 3864 membra
1598 3804 1698 3862 Cirristi
1712 3805 1794 3862 liuliet

147 3900 202 3956 lius
212 3897 336 3955 miserint
355 3898 483 3970 Spiritum
496 3907 627 3956 sanetum.
640 3898 715 3956 Sient
734 3899 885 3957 ostenditur
897 3914 947 3971 per
998 3897 1126 3968 tenplum
1137 3899 1144 3953 i
1156 3895 1202 3954 Sie
1217 3898 1287 3954 enirn
1307 3895 1435 3972 Spiritum
1451 3906 1571 3954 sanetum
1585 3897 1728 3970 srrbjieinnt
1746 3912 1795 3968 po·

147 3989 308 4061 propnetam
321 3989 392 4062 qood
405 3999 434 4046 et
445 3989 526 4046 Pater
538 3989 692 4062 suspiritus
704 3997 812 4047 6666666
826 3990 957 4048 miserint·
998 3985 1087 4044 testati
1098 3985 1213 4058 Christi,
1226 4003 1286 4046 eum
1298 3990 1357 4060 eius
1377 3988 1503 4060 templum
1515 3987 1635 4046 membra
1648 3989 1702 4044 sint
1713 3986 1794 4046 Citri-

148 4081 259 4138 iiilimn.
280 4079 349 4136 iiam
363 4081 424 4153 qrris
442 4081 493 4138 uiui
511 4079 597 4138 Filius
616 4096 665 4152 per
687 4080 783 4138 isaiam
801 4080 946 4139 adventurm
997 4079 1032 4136 sti
1049 4099 1055 4136 :
1070 4077 1293 4152 quemadmodum
1312 4080 1398 4154 ipsum
1413 4081 1510 4138 Filium
1527 4080 1709 4152 imperialibus
1728 4081 1795 4154 legi·

147 4173 422 4245 nampraenuntiaus
432 4173 498 4232 diet
512 4190 520 4228 :
533 4173 627 4230 666666
639 4189 688 4241 rue,
698 4171 790 4243 66666,
805 4185 830 4230 66
843 4173 928 4231 louet
936 4216 945 4244 ,
997 4173 1047 4231 ltus
1060 4172 1482 4246 ttoimmipsesittertmmuei,
1492 4189 1542 4231 neo
1552 4173 1695 4230 ullomodo
1707 4173 1794 4245 irnpe-

147 4281 226 4336 6666
237 4283 283 4340 spo
292 4265 387 4323 666666
400 4280 410 4320 .·
423 4281 469 4338 eso
481 4282 538 4321 6666
550 4265 655 4337 prinus,
671 4275 696 4321 et
709 4282 755 4338 666
766 4267 794 4322 66
806 4275 946 4335 etenum:
998 4267 1097 4324 satoris
1110 4267 1220 4325 uerbum
1231 4264 1334 4340 legibus
1348 4267 1497 4339 6666666666,
1506 4266 1553 4324 sed
1565 4267 1637 4338 66666
1652 4265 1731 4324 iaciat
1741 4267 1793 4340 (6).

148 4371 175 4416 et
193 4377 287 4418 666666
299 4377 359 4417 mee
378 4361 494 4434 (6666666
514 4369 623 4427 terrers,
639 4360 743 4416 6666666
761 4377 817 4416 meo
828 4359 947 4416 soiiduoit
1035 4361 1149 4418 eleut
1166 4358 1239 4418 xxt.
1255 4389 1291 4402 -
1305 4357 1348 4416 itt.
1361 4359 1407 4416 isti
1423 4374 1620 4431 sane,quorum
1631 4358 1792 4430 6666666666-

150 4454 239 4522 soelos,·
249 4455 345 4511 666666
358 4455 427 4522 iilos,
438 4461 463 4509 et
474 4453 592 4509 suriunt
605 4451 701 4517 666666,
716 4453 862 4508 6666666666
871 4453 947 4513 666666
998 4468 1060 4510 nern
1072 4451 1174 4524 666666,
1187 4451 1230 4508 eui
1244 4450 1410 4522 respondeo,
1419 4465 1472 4506 non
1486 4449 1585 4506 undent
1591 4449 1661 4506 idum
1669 4449 1758 4506 dicere
1765 4447 1792 4504 in

150 4547 263 4604 66666666
274 4589 281 4613 ,
294 4556 320 4602 et
331 4546 437 4602 6666666
447 4545 522 4615 :quis
540 4544 592 4601 iilis
606 4543 731 4600 6666666666
744 4543 820 4600 doe?
832 4542 947 4616 66666666
998 4553 1071 4602 otum
1082 4559 1141 4602 esse
1155 4545 1226 4617 quod
1240 4545 1375 4618 genitum3
1390 4552 1420 4600 et
1439 4543 1493 4602 duo
1514 4543 1563 4599 ista
1576 4544 1747 4608 discernunt,
1759 4543 1794 4598 666

148 4649 237 4694 esteris
254 4648 296 4706 te,
316 4641 367 4711 6666
384 4638 540 4694 uoluntatem
553 4645 623 4692 66666
641 4651 718 4708 super
731 4634 906 4706 Babylonem,
920 4646 948 4691 ut
998 4645 1055 4694 ute
1068 4635 1254 4694 PutreFilium
1265 4637 1386 4712 genitum
1401 4637 1499 4704 dieunt,
1512 4635 1610 4692 linctum
1621 4651 1684 4692 vero
1698 4649 1713 4690 a
1726 4631 1795 4691 Filio

150 4730 257 4786 66666666
270 4747 355 4786 semen
372 4729 562 4788 Gduideorum.
576 4727 633 4802 Epo
647 4729 748 4795 6666666
759 4745 815 4786 suus
825 4771 833 4796 ,
845 4745 891 4802 666
900 4745 946 4784 66-
998 4729 1128 4801 Spiritum
1137 4739 1267 4786 sanetum.
1278 4729 1354 4800 Quod
1362 4731 1390 4786 in
1399 4729 1545 4802 seripturis
1555 4725 1653 4784 sanetis
1664 4741 1793 4795 nmquam

148 4823 222 4890 6666,
234 4821 436 4888 6666666666,
456 4829 480 4876 66
493 4835 641 4892 prosperum
661 4819 795 4892 66666666
813 4821 871 4892 feei.
885 4821 948 4876 66666
999 4824 1101 4894 legum,
1115 4837 1176 4880 eum
1191 4823 1275 4880 Filius
1287 4823 1344 4896 ipse
1358 4823 1428 4881 dieat
1442 4865 1450 4892 ,
1464 4821 1535 4895 quod
1554 4819 1667 4892 Spiritus
1686 4823 1794 4875 sanetus

148 4913 234 4970 666666
248 4913 284 4968 ad
295 4929 355 4978 666,
373 4921 397 4968 et
406 4912 492 4968 osdite
509 4916 580 4979 tsto,·
598 4927 645 4966 666
656 4912 722 4967 enisa
735 4911 850 4967 adimitis
861 4911 889 4966 iu
900 4913 946 4967 oi·
998 4930 1016 4970 6
1030 4913 1109 4970 Patre
1123 4913 1262 4984 prosedas.

149 5021 227 5063 rouro
237 5006 337 5062 6666666
350 5021 409 5060 sset
421 5020 432 5060 .·
444 5019 502 5060 6666
521 5003 615 5075 dedant
625 5002 661 5057 sii
672 5019 741 5058 erurn
753 5044 762 5072 ,
775 5012 799 5057 et
813 5020 879 5058 6666
891 5003 948 5058 lio·
1036 5007 1081 5062 66.
1102 5005 1207 5074 Filius,
1234 5007 1366 5078 inquiunt,
1392 5004 1497 5062 Putrem
1520 5003 1643 5075 predicet
1657 5018 1667 5057 .·
1681 5001 1794 5071 Spiritus

150 5101 237 5153 666666
248 5097 317 5152 666666
333 5113 375 5153 use
385 5105 410 5150 et
422 5095 536 5167 Spiritus
549 5096 604 5167 6666
619 5093 696 5167 (isui.
713 5109 813 5161 ιιιιιι,
833 5093 948 5167 tuitii?
999 5105 1101 5152 sanctus
1121 5095 1219 5152 Filium
1247 5097 1391 5152 66666ιὶ66.
1417 5095 1498 5164 Quasi
1519 5109 1573 5150 non
1596 5091 1781 5148 onnnntinveri
1800 5133 1803 5141 .

148 5189 222 5260 Quid
232 5188 403 5246 evidentius?
413 5187 588 5258 Soosipsese
598 5186 665 5243 dieis
676 5187 787 5242 missurn
800 5186 834 5242 alt
847 5186 947 5258 Spiritu
1000 5187 1084 5246 littus
1098 5186 1226 5259 Spiritum
1242 5197 1362 5246 66666666
1376 5199 1436 5243 esse
1449 5192 1602 5248 ventumm,
1616 5191 1663 5240 eut
1674 5191 1702 5240 et
1714 5181 1793 5240 Pater

149 5289 263 5349 noeto,
275 5280 322 5353 6666
340 5278 459 5337 lundsrlt
469 5288 566 5335 terram
578 5319 587 5346 ,
601 5287 629 5334 et
640 5277 763 5334 solidarit
773 5278 882 5334 6666666.
897 5277 947 5336 un
1000 5296 1053 5339 non
1081 5279 1268 5354 predicarent
1292 5277 1398 5342 Filium,
1420 5274 1533 5333 dicendo
1549 5291 1556 5328 z
1573 5273 1624 5329 6666
1649 5282 1685 5330 est
1709 5272 1794 5330 Filius

149 5374 305 5446 agnoscitur
325 5372 483 5444 [inigenitus
505 5386 554 5442 per
571 5385 651 5442 quem
670 5371 739 5427 iaetu
763 5379 824 5426 sant
846 5372 947 5428 omitia
1000 5389 1071 5430 66666
1089 5373 1197 5428 dilectus
1215 5373 1242 5426 iu
1263 5385 1312 5442 quo
1333 5367 1394 5423 iere
1417 5367 1580 5438 complacui,·
1604 5365 1688 5439 iprum
1709 5365 1795 5422 audite

147 5466 352 5523 Consolatorern
364 5480 447 5532 rero,
464 5463 535 5536 quod
548 5463 665 5520 oilleium
680 5471 806 5534 tanquam
827 5477 948 5533 personui
1003 5463 1109 5540 (liuteis.
1122 5480 1175 5522 ιιιι
1178 5465 1244 5538 ,.5)

148 5557 272 5614 66666666Ι
266 5572 294 5612 ιιι
307 5556 352 5611 ulla
364 5555 516 5611 Trinitate
509 5555 553 5611 rstr
563 5551 673 5626 Spntni
692 5561 784 5610 saneto
798 5551 946 5622 deputant,
1037 5559 1080 5614 66.
1101 5558 1140 5614 66
1152 5572 1200 5629 per
1218 5555 1270 5611 ltoe
1285 5568 1337 5609 non
1358 5551 1444 5658 solum
1464 5549 1551 5606 Patris
1565 5551 1674 5625 66666666
1690 5549 1799 5616 Filius,

148 5649 236 5706 Deum
252 5647 318 5704 dieit
328 5646 488 5718 Apostolus,
502 5647 571 5704 sieut
590 5648 616 5702 in
631 5645 748 5718 epistota
762 5646 821 5718 ejus
834 5645 948 5717 legimus

147 5741 183 5796 ad
202 5737 378 5796 Corinthios.
393 5737 421 5795 ls
434 5755 478 5810 666
494 5739 639 5796 consolatur
653 5739 782 5809 66666666,
803 5739 948 5797 consolatus
1000 5713 1105 5832 unffi·
1109 5713 1270 5844 Jfflffif
1273 5703 1422 5819 ,ΨΜ
1413 5719 1439 5758 ¹³²
1455 5703 1517 5758 ”⁰⁰¹³
1533 5712 1569 5758 θ’(
1583 5705 1686 5772 W
1700 5705 1799 5766 '‘M‘’

179 5833 267 5895 66666,
279 5829 500 5896 udirnperotorent.
624 5850 627 5853 ·
1033 5835 1069 5898 (6)
1080 5807 1327 5884 s’nnlescollationere
1338 5843 1393 5882 ounr
1404 5829 1541 5893 6666666666,
1554 5835 1612 5894 lug.
1624 5843 1650 5881 ιι.
1662 5829 1699 5881 66.
