4034 6334
98 271 150 331 sot
810 229 1052 327 stnsauonu's.
1692 283 1746 346 ,ω

98 398 162 445 snat
181 387 292 446 esmndi
314 385 460 446 mundum
481 387 666 446 intentionem.
688 383 833 443 ‘ratissima
853 393 895 441 est
949 385 1062 456 quisquo
1082 393 1163 442 ararat.
1186 385 1286 444 bardam
1310 389 1408 463 quiippe
1428 405 1473 448 res
1493 389 1535 449 bis
1554 393 1667 462 dicitur,
1682 413 1745 456 eunt

100 481 174 540 enim
189 481 336 553 patarensis
356 481 489 548 itttentio,
503 481 589 537 donec
603 477 818 550 appentendum
831 477 897 532 ittud
948 474 1056 542 dicitur,
1071 477 1151 532 Amat
1163 491 1210 544 se,
1225 487 1450 536 stannaturam.
1465 481 1542 538 iuno
1553 484 1626 539 enim
1637 501 1690 542 non
1702 497 1745 544 est

98 585 155 643 quo
175 571 311 627 tendimus
324 579 352 627 et
375 587 428 642 otto
451 571 629 627 extendimur.
645 567 700 625 Sed
714 584 745 624 ea
760 577 833 623 reeta
852 568 896 621 in·
949 569 1021 624 atiud
1034 578 1115 642 atque
1126 571 1209 641 attnd,
1221 589 1312 632 amaro
1325 581 1351 630 et
1364 576 1447 632 amari
1457 593 1464 644 ;
1476 577 1550 633 sicut
1560 593 1613 634 non
1623 591 1664 636 est
1675 582 1744 639 alius

98 666 187 721 tentio
201 674 260 732 est,
275 677 334 737 (pue
353 648 554 736 proiiciscitura
569 663 724 718 tidoderta
738 660 810 716 enim
830 659 897 715 tues
948 671 1028 733 atque
1042 663 1118 730 alius,
1133 679 1225 722 ananus
1237 675 1265 722 et
1278 678 1392 725 astratus.
1407 672 1440 726 tt
1452 685 1517 728 vero
1531 687 1616 740 amor,
1631 683 1659 731 ot
1671 677 1743 747 quod

101 768 250 829 utcunupno
265 759 373 814 inchoat
385 759 564 830 cognitionem
580 775 586 812 :
602 757 721 826 cognitio
739 769 805 810 vero
823 761 896 809 certa
949 764 1071 820 amatur,
1092 756 1172 812 ctiam
1190 757 1229 814 sie
1242 757 1295 814 dato
1310 770 1384 816 aunt.
1397 759 1455 817 Non
1468 763 1540 819 enim
1553 779 1616 820 *cunt
1629 767 1743 836 quisque

97 864 153 904 non
169 849 332 920 perticietur,
348 851 399 904 nisi
413 857 473 920 post
487 849 555 904 bane
568 850 660 915 sitam,
673 845 897 903 mam‘ridebimus
949 858 980 900 se
991 854 1064 901 amat
1074 861 1150 902 amor
1165 857 1220 918 est,
1235 849 1286 906 nisi
1299 865 1359 906 oum
1374 862 1479 910 amatur
1492 855 1549 926 ipsc
1562 871 1647 913 amor.
1662 859 1742 916 Aliud

97 941 168 996 ΜΘ
180 939 214 996 ,p
228 939 323 996 saepem
338 940 360 1010 (ι
371 940 435 996 por,
449 945 511 1006 itit,
526 938 583 1011 η),
592 937 653 994 'nnn
665 951 730 1009 nrgn
743 937 895 1006 sapiamus,
949 944 990 991 est
1002 945 1091 992 autem
1109 951 1201 996 amare
1220 953 1267 1008 se,
1281 941 1351 998 atiud
1365 953 1406 999 est
1416 959 1638 1005 amareamurem
1652 964 1741 1006 suarm.

98 1041 129 1086 m
140 1031 295 1087 „mannus
311 1032 435 1087 cntionem
448 1045 508 1087 esse
520 1029 644 1086 affectum
660 1043 722 1084 sera
740 1026 896 1099 querendi,
948 1025 1006 1082 iinn
1019 1030 1090 1084 enim
1105 1039 1209 1086 amatur
1218 1047 1303 1101 amor,
1315 1035 1366 1091 uisi
1377 1035 1432 1108 jam
1446 1039 1545 1112 atiqutd
1558 1057 1650 1098 means
1662 1061 1669 1098 a
1680 1043 1742 1116 quia

96 1137 182 1192 quam
205 1122 339 1193 incognita
361 1137 411 1193 pro
428 1121 542 1192 cognitis
556 1119 743 1190 presumendi.
766 1119 897 1188 sicergo

96 1225 252 1284 uuummus
268 1221 398 1284 utiquam
426 1213 556 1269 inventuri
575 1230 582 1267 :
598 1220 625 1268 et
644 1213 683 1267 sic
707 1211 891 1278 inveniamus,

98 1314 226 1375 tantmm
240 1304 388 1377 quaesituri.
404 1303 468 1359 (bnt
487 1305 558 1360 enim
578 1303 787 1359 corrtmnmnaerit
801 1304 894 1369 tremo,

98 1393 264 1468 tunc'itua'pit
278 1393 372 1471 (Eccii.
386 1411 474 1463 xt'ttt,
485 1397 530 1469 b).
547 1397 585 1453 De
599 1395 739 1452 credendis
750 1396 823 1451 nulia
837 1395 898 1450 iud-

97 1488 210 1546 detnato
226 1490 392 1558 dubitemus,
410 1491 444 1548 de
461 1489 637 1563 intelligendis
653 1490 725 1545 nana
747 1490 897 1547 temeritate

97 1582 323 1640 adiuuemus:in
345 1583 398 1640 iilis
422 1585 567 1641 auctoritas
588 1583 707 1640 'tenenda
732 1591 790 1652 est,
812 1583 897 1639 iubis

98 1675 201 1730 ceritas
212 1676 386 1748 exquirenda.
400 1675 477 1744 Qttod
493 1689 559 1748 ergo
576 1676 609 1731 ad
631 1676 709 1732 istam
723 1675 896 1746 questionem

98 1767 213 1835 attinet,
228 1768 376 1824 ¹credamus
389 1769 496 1825 Patrem
508 1778 536 1825 et
549 1767 643 1824 Filium
655 1778 683 1824 et
694 1769 823 1842 Spiritum
834 1783 897 1824 san·

97 1866 173 1912 euram
188 1871 250 1915 csse
266 1875 348 1915 unum
364 1859 466 1929 Deum,
482 1859 613 1916 utrisersae
625 1868 755 1915 creaturae
772 1859 897 1916 condito-

103 1963 163 2003 rem
177 1959 259 2020 atnne
270 1959 401 2008 rectorem
416 1971 423 2008 :
439 1967 489 2008 nec
502 1951 613 2008 Patrem
632 1967 692 2009 esse
710 1952 825 2019 Filium,
847 1967 897 2009 nee

99 2037 232 2109 Spiritum
253 2051 374 2099 sanctum
397 2044 438 2099 vei
453 2043 558 2100 Patrem
568 2061 633 2101 csse
650 2045 690 2100 vei
711 2043 827 2112 Fdium;
849 2045 897 2102 sod

98 2130 262 2187 Trinitatem
288 2135 430 2190 retatamm
456 2136 490 2190 ad
516 2135 630 2190 invicem
657 2150 848 2206 personamnn,
870 2144 898 2192 et

98 2223 233 2280 natitatem
260 2225 370 2296 untraiis
394 2221 529 2282 essentiae.
558 2226 616 2282 iloc
639 2236 727 2281 autem
746 2240 898 2297 maurannus

99 2309 275 2385 inteiiigere,
297 2315 332 2370 ab
352 2327 386 2372 eo
411 2316 471 2386 ipso
491 2331 570 2388 quem
590 2316 738 2386 itatciiigere
762 2318 896 2386 voiunms,

98 2405 229 2460 auxilium
246 2412 396 2476 precautes,
411 2419 438 2464 et
449 2419 577 2479 quamam
588 2408 683 2465 tribuit
692 2407 762 2479 quod
771 2409 898 2480 intelligi·

98 2511 161 2551 naus
182 2495 318 2566 exp‘iicam
351 2506 423 2553 tauta
448 2513 512 2554 cura
539 2509 566 2556 ct
591 2499 769 2556 sollicitudine
793 2497 899 2572 pietatis

98 2587 274 2659 capiendos&
290 2594 319 2643 ut
330 2589 410 2643 etiam
422 2589 445 2645 si
460 2590 559 2660 aliquid
568 2589 640 2646 aiiud
651 2607 700 2662 pro
709 2591 762 2646 aiio
773 2590 896 2660 dicimus,

100 2677 171 2732 matt
192 2687 281 2734 tamen
306 2679 444 2751 indiguum
466 2680 653 2738 mutuastis
677 2681 699 2738 si
723 2683 803 2755 quid,
824 2683 897 2739 vorbi

101 2770 212 2839 pratia,
237 2770 364 2828 de‘i‘atre
385 2769 518 2842 dicimus,
541 2773 612 2846 quod
622 2773 697 2830 'Patri
718 2777 825 2850 proprie
844 2792 897 2832 non

98 2865 265 2935 conveniat,
280 2876 326 2922 aut
337 2863 408 2922 Fitio
421 2869 584 2937 enimenim,
601 2878 648 2924 aut
661 2868 769 2940 Spiritui
788 2878 896 2937 saneto,

100 2963 151 3010 sut
172 2955 223 3026 ipsi
245 2957 367 3014 Trinitati
384 2969 436 3015 :et
455 2960 478 3015 si
499 2959 562 3032 quid
575 2959 611 3016 de
630 2961 715 3029 Filio,
739 2961 810 3034 qttod
830 2961 898 3018 titio

101 3049 214 3117 proprie
234 3064 287 3104 oon
310 3061 455 3124 cotigruat,
478 3053 573 3108 saitem
599 3062 727 3126 congnmt
750 3053 836 3121 Patri,
852 3064 899 3111 aut

101 3139 216 3208 Spiritui
230 3149 333 3207 sarum,
347 3151 392 3197 aut
401 3142 527 3200 Trinitati
539 3161 546 3198 ε
559 3144 621 3200 item
638 3141 737 3216 siquid
751 3145 786 3203 de
797 3147 898 3218 Spiritu

100 3241 209 3298 sancto,
224 3233 294 3301 quod
309 3233 499 3307 proprietatem
509 3237 623 3309 Spiritus
633 3239 717 3294 saneti
727 3255 782 3295 non
793 3238 895 3308 deceat,

104 3339 162 3378 non
178 3331 266 3379 maren
281 3324 396 3382 alienum
411 3328 568 3385 sitaPatre
587 3337 633 3384 ant
654 3345 671 3386 a
692 3329 777 3397 Filio,
799 3340 845 3388 aut
863 3331 899 3388 ab

100 3429 158 3469 uno
169 3415 225 3470 beo
239 3415 296 3487 ipsa
314 3417 454 3476 Trinitats.
469 3418 556 3476 Veluti
575 3435 646 3476 nune
665 3421 789 3492 cupimus
803 3422 895 3482 uidero

100 3517 193 3563 utrum
214 3508 259 3564 iiia
281 3511 504 3570 excellentissima
526 3511 643 3569 charitas
662 3511 769 3584 proprie
785 3514 899 3586 Spiritus

101 3609 212 3656 satietas
224 3602 277 3658 sit:
289 3602 359 3675 quod
372 3604 394 3660 si
408 3620 461 3660 non
475 3613 532 3674 est,
551 3613 597 3660 aut
610 3605 690 3662 Pater
708 3613 751 3661 est
762 3605 895 3676 citaritas,

100 3703 149 3748 aut
161 3691 256 3763 satias,
271 3708 317 3751 aut
332 3697 388 3767 ipsa
403 3696 537 3765 Trinitas,
558 3696 684 3769 quoniam
706 3698 832 3754 resistere
844 3714 897 3754 nou

102 3801 249 3856 possumus
263 3789 421 3846 certissimae
434 3789 511 3854 fidei,
525 3798 553 3846 et
565 3787 736 3845 ualidissimae
747 3788 899 3846 auctoritati

102 3875 251 3950 Scripturas
263 3879 385 3948 dicentis,
400 3878 471 3936 Deus
482 3883 593 3938 ebaritas
604 3891 641 3938 cst
651 3880 673 3950 (Ι
685 3879 763 3938 ioan.
777 3875 816 3965 tv,
832 3883 896 3954 toi:

102 3985 159 4024 non
170 3979 260 4027 tamon
278 3971 407 4029 debemus
424 3971 532 4030 deviare
542 3973 671 4045 saerttopo
683 3989 790 4041 errore,
805 3982 834 4030 ut
846 3975 898 4031 ali·

104 4061 169 4132 quid
186 4062 222 4119 de
239 4059 373 4120 'trinitate
394 4063 515 4122 dieamus
529 4063 601 4136 quod
619 4080 673 4122 non
692 4065 828 4132 Creatori,
850 4065 898 4122 sed

101 4162 234 4210 creatorae
243 4155 335 4226 potius
348 4155 510 4224 carnaeuiat,
525 4165 571 4212 aut
582 4155 656 4212 inani
670 4157 830 4230 mgiutione
844 4157 898 4214 titt-

101 4256 189 4318 gatur.
462 4256 464 4261 '

137 4337 252 4396 CAPUT
271 4337 303 4394 ii.
318 4368 353 4380 -
366 4337 396 4394 Ξ.
412 4337 604 4396 Gomiderando
621 4340 670 4396 tria
685 4340 733 4397 itta
749 4357 806 4410 ntae
825 4358 898 4414 repe·

101 4431 203 4485 martum
217 4429 245 4484 is
259 4429 391 4486 citaritate.
415 4431 480 4501 Qum
500 4446 562 4487 cutm
583 4433 620 4488 ita
641 4432 709 4503 sint,
729 4433 898 4489 attendamus

101 4525 152 4580 ista
164 4524 234 4590 tria,
255 4538 315 4594 qaum
330 4523 464 4580 invenisse
483 4525 562 4582 nobis
576 4512 711 4580 uidemur.¹
726 4522 849 4580 Nondum
862 4525 897 4582 de

102 4617 227 4687 supernis
238 4616 392 4688 innitimur,
413 4620 532 4684 nondum
544 4619 578 4674 de
591 4619 648 4676 beo
661 4618 739 4676 Patre
752 4619 856 4676 ctFiiio
870 4631 898 4677 et

101 4710 204 4780 Spiritu
219 4719 327 4777 sanetn;
342 4711 390 4768 scd
402 4712 438 4769 de
452 4712 503 4770 bac
520 4713 616 4785 impari
632 4713 765 4785 imagine,
776 4723 896 4771 attamen

102 4798 230 4871 magne,
246 4800 272 4855 u
285 4812 328 4858 ιιι
340 4787 637 4860 contaminationes
654 4805 726 4860 ιιιιιι
742 4819 801 4860 ean
815 4811 843 4860 aa
855 4804 896 4860 n·

103 4893 181 4950 citios
188 4892 312 4949 inritassis
322 4894 440 4950 intuetur
451 4895 549 4951 ntemis
559 4903 659 4952 nostrae
668 4894 817 4952 intentus.
826 4895 897 4954 Ecce

102 5001 154 5058 ego
168 4986 214 5056 qui
234 4985 287 5040 boc
300 5001 410 5056 qttmro,
421 5001 483 5042 eum
495 4985 594 5056 atinatid
607 5001 669 5042 anm
687 4987 738 5042 tria
751 4997 819 5042 sunt
830 5003 898 5060 :ego

100 5086 129 5130 et
141 5075 215 5147 qood
227 5091 301 5142 amo,
316 5085 344 5134 ct
358 5079 414 5148 ipse
424 5093 513 5134 amor.
526 5076 584 5133 Nou
600 5078 671 5133 enim
684 5093 746 5134 amo
759 5095 895 5147 amorem,

100 5168 153 5222 nisi
175 5176 312 5226 amaratcm
325 5183 413 5226 amem
426 5187 433 5225 :
444 5184 506 5227 nam
527 5183 582 5225 non
595 5179 636 5226 est
649 5184 743 5238 amor,
765 5170 811 5226 ubi
828 5172 896 5228 nibil

97 5270 217 5315 amator.
231 5260 294 5316 Tria
314 5276 379 5332 erpo
392 5271 469 5329 sout3
483 5276 594 5328 amans,
609 5271 638 5318 et
649 5261 720 5334 qnod
737 5273 853 5332 amatur,
869 5273 898 5320 ct

99 5365 190 5406 arator.
204 5350 285 5421 Quid,
297 5351 322 5408 si
334 5365 389 5408 nou
401 5367 491 5410 amem
505 5352 556 5408 nisi
570 5366 614 5408 me
626 5352 731 5422 ipsumi
743 5369 832 5410 nonne
842 5355 897 5410 duo

98 5451 198 5508 emut;
219 5441 291 5514 quod
308 5457 383 5511 anto,
406 5453 435 5500 et
455 5443 549 5517 amori
568 5446 670 5499 sanans
689 5444 761 5500 euim
783 5455 811 5501 ct
824 5445 896 5517 quint

97 5542 227 5602 amatur,
249 5533 301 5599 boc
322 5533 393 5591 idem
413 5543 471 5601 est,
494 5535 602 5605 ‹puatado
616 5550 646 5592 se
659 5535 796 5605 ipseamat
810 5537 898 5593 :sicut

96 5643 195 5686 asstare
209 5637 237 5683 et
257 5629 361 5694 ausari,
376 5627 470 5684 ποποιπ
485 5627 566 5689 modo
581 5627 695 5700 idipsum
713 5637 770 5694 est,
791 5644 853 5686 euru
866 5643 896 5687 se

130 5744 142 5776 ¹
161 5741 277 5804 t'ecbam,
289 5739 416 5805 esurientes,
427 5738 562 5791 atotdunns
572 5753 604 5791 ex
616 5740 743 5792 sexdecim
754 5748 806 5790 tua.

949 1117 994 1174 tibi
1008 1119 1075 1176 nibil
1097 1134 1218 1190 artantur,
1243 1127 1331 1183 nulius
1344 1135 1386 1184 est
1400 1141 1484 1186 amor.
1503 1131 1564 1188 'buo
1579 1149 1647 1207 ergo
1661 1131 1740 1204 sitiri,

948 1223 1009 1266 casm
1023 1227 1052 1268 se
1064 1215 1177 1287 natisque
1194 1227 1285 1286 amat;
1299 1233 1390 1288 amor,
1415 1229 1442 1277 et
1454 1225 1525 1294 quod
1540 1236 1653 1282 ammae.
1665 1227 1742 1284 Turre

948 1305 1020 1360 enim
1033 1321 1127 1362 amans
1140 1316 1167 1364 et
1185 1310 1255 1380 quod
1269 1323 1374 1368 amatur
1387 1331 1467 1371 arnum
1485 1325 1535 1373 est.
1546 1317 1625 1376 Unde
1638 1321 1743 1378 ridetur

948 1409 1001 1451 non
1016 1411 1077 1453 esse
1090 1413 1256 1470 consequens
1271 1411 1300 1458 ut
1311 1405 1471 1479 ubicumque
1487 1411 1672 1477 amorinum,
1685 1415 1741 1485 jam

949 1489 998 1544 tria
1014 1489 1204 1564 itateiiigantur.
1219 1495 1378 1555 disseramus
1391 1501 1463 1556 enim
1478 1503 1511 1558 ab
1524 1503 1572 1559 bac
1585 1507 1741 1562 considera·

948 1579 1127 1637 tinnecatnra
1143 1599 1201 1655 qnae
1214 1585 1390 1658 attribuunt,
1408 1591 1505 1660 quibus
1519 1592 1600 1648 itomo
1615 1605 1739 1653 corastat:

948 1679 1028 1742 atque
1048 1682 1076 1728 ut
1096 1673 1153 1730 base
1167 1691 1227 1746 apum
1247 1693 1316 1733 stunc
1329 1679 1499 1752 contutimus,
1520 1693 1646 1753 ‹puantum
1660 1687 1686 1740 iu
1701 1685 1742 1744 bis

948 1763 1029 1818 relatas
1043 1778 1195 1833 possuntne,
1219 1767 1318 1838 liquido
1337 1770 1519 1840 reperiamus,
1533 1773 1566 1829 dc
1585 1775 1639 1830 sola
1653 1785 1743 1832 mento

949 1860 1103 1910 tractemus.
1118 1855 1193 1913 biens
1205 1857 1285 1930 igitur
1297 1875 1357 1915 euru
1370 1870 1440 1916 amat
1456 1877 1485 1918 se
1497 1863 1592 1934 ipsam,
1608 1865 1660 1920 duo
1670 1882 1743 1937 qute-

947 1943 1009 2000 dam
1024 1946 1159 2012 ostendit,
1182 1959 1317 2019 merstem,
1333 1961 1360 2008 et
1374 1967 1503 2009 atumem.
1519 1955 1588 2025 Quid
1600 1969 1641 2013 est
1653 1969 1742 2015 autem

948 2049 1042 2092 amare
1055 2051 1094 2102 se,
1110 2039 1159 2093 nisi
1173 2039 1223 2096 sibi
1237 2051 1334 2112 praesto
1344 2057 1404 2100 esse
1414 2046 1484 2101 velie
1497 2047 1530 2101 ad
1544 2046 1683 2104 fruendum
1695 2049 1743 2106 sei

948 2125 1056 2188 Etcum
1067 2138 1213 2188 minumae
1232 2133 1288 2188 suit
1300 2149 1371 2202 csse,
1385 2146 1511 2207 quantiam
1525 2149 1583 2205 est,
1599 2156 1647 2212 par
1659 2141 1742 2198 menti

950 2219 1148 2290 cotinusam,
1170 2231 1198 2280 et
1219 2227 1319 2282 autenti
1340 2241 1415 2284 amor
1428 2233 1546 2301 aqualis.
1561 2233 1594 2290 Et
1614 2235 1637 2289 si
1653 2234 1742 2308 aliqua

949 2309 1097 2367 substantia
1113 2322 1156 2369 est
1167 2329 1261 2379 amor,
1281 2333 1334 2373 nnn
1347 2325 1389 2376 est
1402 2323 1494 2393 utique
1507 2339 1612 2396 eorpus,
1627 2327 1675 2382 sed
1689 2327 1745 2398 spi·

949 2403 1017 2458 ritus
1031 2421 1037 2456 :
1052 2419 1102 2460 nce
1114 2421 1189 2462 nuens
1203 2423 1319 2478 corpus,
1343 2411 1392 2467 sed
1414 2415 1522 2485 spiritus
1535 2425 1586 2473 est.
1601 2417 1692 2490 Neque
1704 2429 1744 2474 ta·

949 2505 1010 2549 men
1024 2509 1100 2551 amor
1111 2507 1139 2553 et
1153 2513 1229 2554 mens
1247 2500 1299 2556 duo
1313 2503 1440 2573 spiritus,
1462 2507 1509 2562 sed
1530 2523 1599 2563 unus
1611 2511 1742 2580 spiritus;

950 2595 1000 2639 noc
1014 2587 1138 2643 essentia
1151 2591 1228 2659 dum,
1248 2593 1295 2649 sod
1318 2609 1370 2650 πιιπ
1382 2612 1389 2650 :
1401 2605 1427 2656 et
1443 2606 1530 2653 tanton
1549 2600 1603 2655 dno
1620 2603 1742 2673 quaedam

950 2689 1032 2731 ιιιιιιιπ
1049 2687 1122 2746 snut,
1145 2695 1238 2736 amans
1260 2692 1287 2739 et
1308 2699 1398 2754 amor;
1424 2687 1543 2746 sinesin
1565 2691 1649 2761 dicas,
1671 2693 1743 2765 qatod

949 2777 1056 2822 amatur
1069 2779 1096 2824 ct
1110 2785 1195 2825 antor.
1210 2771 1243 2827 Et
1257 2773 1314 2829 baec
1333 2776 1440 2846 nitidem
1460 2779 1514 2834 dun
1528 2781 1637 2839 relative
1651 2783 1685 2840 ad
1704 2785 1746 2840 in-

950 2857 1035 2912 uicem
1048 2858 1183 2916 dicuutur.
1201 2863 1302 2920 Amans
1314 2868 1412 2938 quiippe
1428 2871 1461 2926 ad
1477 2885 1595 2928 amarem
1611 2875 1743 2944 reiectam,

950 2955 978 3003 et
1000 2963 1077 3006 amor
1098 2949 1132 3005 ad
1154 2963 1299 3009 arnantem.
1324 2959 1424 3014 dauns
1445 2961 1516 3017 enim
1540 2964 1630 3036 atiquo
1653 2981 1745 3023 arnone

949 3049 1040 3108 anaat,
1062 3051 1089 3098 et
1111 3058 1187 3100 antor
1208 3045 1320 3117 alicujus
1343 3053 1457 3107 amantis
1477 3061 1529 3109 cst.
1551 3053 1625 3112 Mens
1638 3073 1702 3113 tem
1716 3068 1745 3115 et

949 3132 1059 3203 spiritus
1073 3149 1126 3190 non
1140 3135 1248 3194 roiatiue
1262 3139 1396 3206 dicuntur,
1410 3143 1457 3198 sed
1470 3145 1612 3202 essentiam
1629 3149 1743 3204 demon-

949 3231 1046 3279 strant.
1066 3223 1125 3280 Nou
1140 3227 1210 3282 enim
1222 3229 1283 3299 maia
1298 3245 1375 3286 mens
1397 3239 1425 3288 et
1445 3235 1554 3304 spiritus
1567 3235 1680 3310 aiicujus
1693 3239 1743 3294 bo·

950 3313 1030 3370 minis
1042 3325 1101 3382 ost,
1116 3317 1177 3373 idio
1191 3335 1269 3376 niens
1283 3331 1310 3376 et
1324 3323 1433 3394 spirims
1445 3325 1517 3381 est¹.
1532 3327 1657 3386 Retracto
1672 3333 1743 3387 onim

950 3419 984 3459 eo
1004 3405 1074 3476 quod
1098 3408 1177 3463 boum
1197 3419 1255 3476 est,
1278 3413 1347 3483 «prod
1363 3415 1488 3484 adiuncto
1501 3432 1614 3488 corporo
1628 3421 1742 3492 dicitur,

950 3505 1065 3552 retracto
1085 3514 1148 3569 ergo
1162 3515 1292 3571 corporo,
1316 3520 1392 3561 rums
1406 3515 1433 3562 et
1446 3509 1555 3579 spiritus
1568 3523 1677 3570 manet:
1693 3530 1740 3571 re·

950 3595 1037 3642 tracto
1056 3598 1145 3645 autem
1167 3602 1291 3662 amante,
1314 3595 1403 3652 nulius
1417 3607 1458 3655 est
1472 3615 1563 3669 amor;
1579 3614 1607 3660 et
1628 3616 1743 3664 retracto

949 3695 1058 3747 autore,
1073 3683 1161 3740 nutius
1177 3693 1219 3741 ost
1231 3699 1336 3744 amans.
1351 3689 1466 3762 ideoque
1480 3704 1608 3765 quantum
1622 3699 1655 3754 ad
1673 3701 1744 3755 iuvi-

949 3787 1010 3829 eem
1027 3773 1199 3843 coieruntur,
1220 3779 1274 3835 duo
1290 3791 1351 3837 suut
1367 3801 1374 3838 :
1390 3782 1461 3854 quod
1476 3798 1565 3844 autem
1584 3791 1618 3846 ad
1637 3807 1667 3848 se
1687 3793 1743 3864 ipim

950 3863 1093 3934 dicuntur,
1109 3875 1136 3924 et
1148 3869 1250 3942 singnia
1262 3873 1384 3945 spiritus,
1395 3884 1422 3931 et
1432 3877 1510 3934 simui
1523 3888 1663 3954 utrumque
1675 3901 1744 3944 unus
1766 3897 1771 3904 '

950 3959 1078 4032 spiritus;
1097 3969 1126 4018 ct
1147 3961 1248 4034 singula
1263 3979 1359 4034 mens,
1380 3975 1408 4023 et
1427 3969 1506 4025 siauui
1529 3980 1672 4046 utrumqne
1692 3993 1744 4034 um

950 4066 1038 4108 mens.
1050 4051 1100 4110 Ubi
1111 4069 1174 4126 ergo
1186 4054 1309 4112 trinitas?
1322 4057 1497 4118 Attendamus
1510 4072 1637 4134 quantum
1651 4082 1745 4137 possu-

951 4158 1029 4210 mus,
1046 4153 1074 4200 et
1085 4145 1241 4203 invocemus
1254 4148 1341 4204 iucem
1357 4151 1557 4223 sempiternam,
1573 4164 1600 4211 ut
1612 4157 1745 4217 iiinntiuet

949 4235 1076 4292 tenebras
1090 4246 1210 4304 nostras,
1226 4247 1253 4296 et
1265 4240 1403 4298 uideamus
1417 4243 1443 4298 iu
1457 4245 1551 4312 nobis,
1565 4259 1693 4318 quantum
1705 4251 1743 4307 si·

951 4327 1050 4396 nimur,
1068 4327 1209 4400 imaginem
1224 4331 1280 4387 Dei.

985 4417 1099 4478 CAPUT
1120 4421 1162 4480 iil.
1172 4450 1208 4463 -
1218 4423 1243 4479 3.
1260 4423 1391 4481 Trinitatis
1405 4426 1490 4499 inope
1501 4429 1529 4484 in
1542 4441 1624 4486 utente
1635 4431 1745 4489 bominis

950 4514 1077 4569 neustriis
1096 4530 1124 4569 ac
1141 4523 1163 4570 et
1182 4518 1302 4573 critontis.
1325 4517 1398 4575 tiens
1416 4537 1443 4576 ac
1459 4521 1542 4592 ipsum
1562 4541 1609 4596 per
1621 4543 1648 4581 ae
1662 4527 1744 4598 ipsam

951 4606 1029 4660 nouit.
1047 4603 1123 4662 dictu
1142 4607 1214 4663 cuim
1237 4623 1327 4665 amare
1349 4622 1380 4666 se
1399 4611 1482 4682 ipsam
1498 4629 1551 4670 uou
1567 4626 1671 4687 potest,
1692 4621 1743 4674 nisi

950 4697 1030 4753 etiam
1043 4713 1074 4756 se
1086 4701 1281 4756 noveritznam
1306 4703 1441 4774 utromodo
1461 4716 1532 4761 amat
1550 4707 1619 4778 quod
1640 4711 1744 4765 nescit?

950 4793 1004 4849 Aut
1019 4795 1040 4850 si
1055 4793 1194 4866 quisquam
1214 4795 1279 4852 dicit
1292 4813 1324 4852 es
1339 4797 1431 4854 notitia
1447 4800 1564 4870 generali
1578 4801 1620 4856 uel
1634 4803 1742 4872 speeiaii

949 4896 1068 4944 mentem
1089 4885 1199 4943 credere
1211 4900 1241 4943 sc
1255 4901 1316 4944 csse
1331 4889 1428 4954 ulem,
1444 4891 1537 4960 quates
1555 4891 1621 4946 aiias
1633 4903 1742 4963 experta

950 4987 1001 5044 est,
1015 4986 1044 5034 et
1057 4975 1118 5033 ideo
1131 4991 1221 5033 amare
1233 4991 1263 5034 se
1276 4977 1372 5050 ipsam,
1387 4975 1605 5050 insipientissime
1614 4981 1740 5053 loquitur.

949 5071 1027 5129 Unde
1040 5072 1111 5128 enim
1126 5087 1204 5130 meaa
1223 5072 1339 5144 aliquam
1354 5053 1471 5128 ment'em
1486 5075 1576 5142 novit,
1600 5076 1622 5131 si
1644 5091 1673 5132 sc
1687 5091 1741 5132 nou

950 5165 1042 5221 noviti
1065 5164 1156 5235 Neque
1179 5164 1251 5220 onim
1274 5173 1303 5218 ut
1328 5147 1423 5220 oculus
1446 5165 1566 5236 eorporis
1588 5166 1659 5222 uidet
1675 5169 1743 5225 alins

950 5258 1054 5326 ocutos,
1069 5267 1097 5315 et
1111 5275 1141 5316 se
1155 5274 1208 5314 nora
1223 5257 1312 5326 s·idot;
1327 5260 1363 5313 ita
1377 5273 1452 5314 utens
1465 5259 1537 5315 notit
1548 5259 1614 5316 alias
1625 5271 1741 5331 urentes,

950 5359 978 5406 et
1003 5349 1107 5422 igniscat
1129 5342 1312 5419 semetipsam.
1334 5347 1387 5404 Por
1411 5348 1503 5406 oculos
1527 5351 1598 5406 enim
1622 5353 1743 5423 corporis

950 5455 1062 5510 corpora
1078 5438 1198 5495 uidemus
1210 5480 1218 5506 ,
1232 5437 1294 5509 quia
1307 5437 1397 5494 radios
1409 5437 1453 5510 qui
1467 5453 1515 5510 per
1526 5455 1573 5496 eos
1584 5442 1702 5498 emicant
1715 5449 1744 5499 et

949 5531 1079 5605 quidquid
1089 5531 1224 5589 cernimus
1239 5537 1360 5602 ungunt,
1376 5529 1520 5604 refringere
1540 5547 1572 5589 ae
1585 5543 1742 5605 retorquere

949 5625 978 5683 in
992 5626 1065 5697 ipsos
1076 5640 1129 5680 non
1143 5639 1302 5696 possunms,
1320 5623 1369 5680 nisi
1384 5640 1446 5681 cum
1468 5626 1576 5700 specula
1597 5627 1740 5684 intuemur.

982 5743 991 5775 ¹
1008 5741 1046 5790 sic
1058 5745 1109 5790 uss.
1122 5743 1149 5790 tt
1161 5737 1230 5799 editi,
1241 5741 1264 5788 et
1272 5735 1372 5802 spiritu
1382 5743 1471 5791 nnat.
