4034 6334
628 213 765 274 obuius
783 206 977 270 aristobuli
994 203 1183 275 lthlCliAEl,
1201 206 1232 264 S.
1251 199 1434 264 sbdcsttbt
1807 201 1862 260 titt

221 231 275 286 {ib

223 337 296 398 leudi
307 354 316 407 ;
329 335 425 394 saeuire
443 334 470 390 in
482 345 531 389 vos
542 329 652 388 omnino
664 343 717 386 uon
734 339 853 399 possum,
865 336 933 394 quos
947 308 1019 376 sicut
1074 319 1218 376 Videamus
1237 319 1318 390 igitur
1334 317 1399 390 quid
1412 331 1457 374 ms
1468 315 1565 374 doceat
1575 313 1752 383 Manichacus,
1765 322 1795 373 et
1815 329 1865 387 po·

216 435 355 510 meipsum
379 431 424 488 iilo
441 437 579 506 tempore,
591 425 628 480 ita
642 437 713 480 nunc
726 419 810 476 debeo
824 416 975 482 sustinere,
991 420 1020 470 ct
1073 412 1204 469 tissimum
1219 413 1292 468 illum
1305 411 1505 468 consideremus
1526 410 1640 474 librum,
1660 424 1740 481 quem
1753 403 1865 464 Eunde-

222 537 298 586 tanta
312 523 440 597 patientia
459 509 597 579 uobiscum
610 531 708 588 apere,
723 517 822 585 quanta
835 523 940 565 mecum
956 522 1019 579 ege·
1073 504 1157 561 menti
1167 503 1313 575 Epistoiam
1320 503 1424 572 dicitis,
1438 502 1483 560 ubi
1496 510 1580 559 totum
1594 517 1664 574 pene
1674 489 1867 574 quoderaditis

222 616 410 691 runtproximi
424 614 489 685 mei,
503 599 979 677 cumiurestrodogmaterabiosus
992 607 1021 655 et
1073 595 1236 654 continetur.
1259 595 1319 668 ipsa
1343 596 1415 653 enim
1440 593 1519 651 nobis
1544 594 1591 650 illo
1613 602 1735 666 tempore
1759 593 1867 649 miseris

223 726 312 770 caecus
325 724 454 786 errarem.
553 763 555 770 ¹
1046 762 1050 767 Ι
1069 686 1182 760 'quando
1202 689 1270 745 lecta
1287 696 1348 758 cst,
1373 687 1515 744 illuminati
1534 685 1690 743 dicebamur
1709 701 1726 742 a
1751 685 1829 742 vobis
1843 685 1866 739 ¹.

261 805 289 861 i.
302 803 437 862 Utautem
450 798 553 856 facilius
567 792 729 861 mitescatis,
740 797 831 848 etuou
842 788 949 846 inimico
959 786 1020 843 ani·
1074 780 1154 838 certe
1167 781 1206 836 sic
1229 780 1341 850 incipite
1357 778 1515 835 lionicbcaus
1538 778 1668 849 spostolus
1687 775 1751 833 ictu
1773 774 1870 832 Christi

224 915 270 958 mo
284 898 412 970 uobisque
425 893 577 968 pernicioso
590 887 658 945 mihi
670 883 861 952 adversemini,
875 880 939 938 illud
950 893 1019 951 quo·
1074 874 1233 947 procidentia
1245 873 1295 931 liei
1319 871 1417 930 Patris.
1443 871 1509 928 lico
1521 876 1580 927 sant
1597 870 1711 926 mistirio
1726 868 1820 938 scic,
1836 867 1869 924 dc

222 993 265 1048 vis
277 991 372 1066 judico
385 989 530 1058 impetrare
541 997 585 1038 me
606 979 708 1059 anobis
721 983 844 1050 oportet,
858 984 888 1029 ut
899 986 932 1027 ex
945 978 1020 1026 utru-
1044 1015 1052 1046 .-
1075 967 1182 1038 perccni
1194 983 1225 1020 cc
1236 966 1291 1022 cicc
1300 967 1380 1038 some.
1395 963 1454 1022 lam
1467 979 1530 1020 cum
1539 962 1610 1019 botta
1623 961 1761 1032 patientia,
1775 961 1799 1016 si
1812 960 1871 1031 pla·

224 1099 277 1158 que
291 1092 366 1156 purte
378 1078 464 1138 omnis
475 1073 626 1148 arrogantia
636 1072 794 1144 deponatur.
804 1065 889 1124 Nemo
899 1071 1022 1120 nostrum
1044 1109 1050 1120 ,
1075 1067 1136 1124 cet,
1157 1057 1287 1114 attendite
1309 1056 1372 1127 quid
1389 1070 1518 1128 quaram.
1543 1053 1602 1111 Non
1614 1053 1697 1110 credo
1710 1054 1793 1110 istum
1809 1067 1871 1110 esse

200 1203 204 1209 ·
225 1176 298 1234 dicat
307 1175 361 1248 jam
374 1188 405 1228 so
415 1170 550 1227 iuvenisse
562 1168 701 1222 veritatem
716 1182 723 1220 :
738 1163 846 1218 siccam
858 1169 1018 1230 quaeramus,
1075 1149 1226 1221 apostolum
1240 1148 1349 1205 Christi.
1362 1149 1459 1216 Quaeso
1472 1163 1507 1204 nc
1519 1146 1719 1213 succenseatis,
1744 1155 1773 1202 et
1784 1146 1866 1202 maie·

224 1269 301 1340 quasi
320 1265 355 1321 ab
378 1263 499 1334 utrisque
524 1259 667 1316 nesciatur.
688 1253 727 1311 lta
741 1252 813 1311 enim
832 1250 972 1321 diligenter
994 1254 1047 1302 ct·
1076 1240 1167 1298 dicere
1181 1241 1324 1313 incipiatis.
1348 1239 1437 1297 Nostis
1448 1240 1519 1296 enim
1542 1254 1586 1296 me
1609 1239 1756 1308 statuisse,
1772 1237 1872 1294 nihile

204 1353 393 1418 sscoucorditer
414 1353 497 1427 quaeri
523 1351 630 1423 poterit,
643 1349 667 1404 si
688 1345 761 1402 nulla
783 1341 925 1400 temeraria
949 1333 1021 1410 p'rae-
1075 1335 1153 1391 robis
1168 1334 1303 1405 prolatum
1315 1341 1416 1390 temere
1430 1333 1551 1392 credere.
1567 1333 1742 1404 Quaeroergo
1755 1332 1816 1403 quis
1835 1332 1874 1388 sit

207 1454 377 1527 sumptione
396 1451 504 1507 inuenta
523 1455 551 1503 et
567 1443 673 1516 cognita
689 1455 750 1498 esse
768 1438 903 1496 credatur.
926 1435 980 1488 hut
999 1430 1024 1488 si
1076 1427 1129 1484 istc
1145 1426 1327 1483 hlauichaeusl
1347 1426 1555 1497 Respondebitis
1568 1443 1575 1480 ι
1589 1425 1735 1497 Apostolus
1758 1423 1870 1480 Christi.
1966 1486 1969 1490 A

206 1536 210 1619 J
224 1546 304 1604 hoca
324 1543 403 1601 robis
415 1543 559 1613 impetrare
574 1551 627 1592 non
641 1546 760 1604 possum,
771 1529 867 1585 saltem
880 1524 945 1581 illud
958 1537 1024 1579 con-
1076 1520 1229 1577 Ncncredo
1241 1538 1249 1575 ε
1262 1519 1326 1591 quid
1335 1519 1393 1588 jam
1412 1519 1487 1576 dicas
1500 1527 1547 1576 aut
1558 1516 1662 1588 iacias,
1675 1531 1729 1574 non
1743 1516 1872 1589 habebis;

205 1625 207 1632 ¹
225 1639 332 1705 cedite,
348 1645 437 1693 utros
452 1643 578 1703 mnquam
593 1625 744 1698 incognitos
755 1636 827 1679 nunc
841 1620 956 1691 primum
970 1631 1020 1672 au·
1077 1613 1254 1687 promittebas
1266 1613 1340 1670 enim
1353 1613 1492 1669 scientiam
1508 1609 1648 1680 veritatis,
1665 1618 1699 1666 ¹et
1713 1623 1787 1666 nunc
1799 1609 1874 1680 quod

224 1731 306 1798 diam,
331 1742 404 1800 nnnc
430 1726 545 1796 primum
568 1718 719 1776 discutiam.
732 1701 846 1771 'lustum
874 1719 939 1782 puto
962 1721 1024 1764 esse
1077 1707 1170 1763 nescio
1183 1705 1257 1778 cogis
1281 1713 1312 1760 ut
1322 1704 1441 1760 credam.
1467 1703 1642 1774 Evangelium
1667 1701 1736 1758 mihi
1757 1702 1873 1757 sortasse

226 1821 298 1896 quod
327 1819 433 1892 postulo
445 1835 461 1894 ²..
472 1815 523 1872 hac
546 1827 611 1870 sane
626 1811 684 1882 lege
705 1813 827 1873 serrata,
839 1811 869 1860 ut
884 1800 1023 1858 nobiscum
1076 1800 1197 1856 lecturus
1210 1813 1258 1867 cs,
1281 1805 1309 1854 ct
1321 1795 1384 1852 inde
1395 1793 1534 1852 Manichaei
1547 1807 1688 1864 personam
1699 1791 1815 1848 tentabis
1825 1806 1874 1850 aa·

224 1928 280 1970 non
293 1895 382 1978 orem,
392 1923 446 1964 uon
460 1902 646 1964 conventicula
660 1898 804 1966 celebrem,
821 1910 873 1950 nou
884 1889 1024 1950 itanichai
1077 1907 1180 1952 serere.
1192 1892 1221 1949 Si
1231 1905 1295 1962 argo
1304 1889 1439 1946 invenires
1448 1889 1577 1959 aliquem,
1590 1887 1637 1958 qui
1646 1885 1792 1958 Evangelio
1804 1899 1872 1940 nou·

224 2019 324 2062 nomen
348 2001 496 2072 accipiam,
510 1997 533 2054 si
553 2010 608 2052 non
627 1991 695 2048 mihi
707 1990 742 2048 de
762 1987 886 2045 omuibus
900 1981 1025 2041 rebusad
1078 1984 1144 2042 dum
1158 1983 1262 2051 credit,
1289 1981 1352 2053 quid
1367 1979 1472 2038 taceres
1481 1977 1580 2034 dicenti
1595 1977 1662 2044 tibi,
1686 1975 1746 2034 Noc
1767 1974 1872 2031 credol

224 2099 341 2156 salutem
350 2095 454 2170 ¹anime
474 2087 670 2162 pertinentibus
679 2087 737 2142 sine
750 2083 804 2140 ulla
819 2080 931 2152 caligine
940 2077 1024 2135 ratio·
1078 2079 1136 2149 Ego
1146 2092 1212 2134 nero
1225 2073 1367 2146 Evangelio
1380 2087 1433 2129 uon
1455 2070 1613 2138 maderent,
1627 2069 1680 2126 uisi
1699 2083 1743 2125 me
1756 2067 1874 2124 catholi-

225 2203 295 2264 nem
303 2186 470 2258 perspicuam
483 2179 622 2238 dederitis.

261 2276 381 2342 curui,
394 2274 438 2332 tv.
450 2303 486 2316 -
495 2273 523 2330 ii.
538 2271 695 2342 Arcumento
707 2265 768 2336 {idei
780 2261 922 2319 catholica.
937 2260 966 2316 lu
980 2273 1026 2316 ca-

226 2373 326 2443 tholica
337 2369 408 2426 enim
424 2351 565 2433 Ecclesia,
580 2371 609 2418 ut
621 2362 743 2418 omittam
760 2355 967 2414 sincerissimam
982 2366 1024 2408 sa-

225 2464 373 2538 pientiam,
389 2461 422 2516 ad
439 2459 515 2530 cujus
535 2454 714 2528 cognitionem
735 2450 812 2522 pauci
830 2447 981 2520 spirituales
998 2447 1026 2500 iu

227 2555 279 2611 hoc
292 2541 345 2610 uita
358 2552 532 2626 perveniunt,
548 2555 577 2604 ut
589 2560 648 2602 eam
663 2559 699 2599 ex
712 2541 824 2597 minima
842 2538 951 2611 quidem
965 2550 1027 2606 par·

228 2655 272 2712 te,
289 2645 350 2718 quia
373 2631 495 2699 homines
513 2647 596 2704 suut,
610 2636 657 2692 sed
671 2643 762 2691 umen
779 2631 840 2688 sine
861 2626 1028 2685 dubitatione

229 2745 411 2812 cognoscant:
426 2741 551 2790 ceteram
561 2730 659 2801 quippe
673 2724 779 2782 turbam
792 2736 844 2778 nou
860 2716 1028 2790 intelligendi

228 2830 372 2894 vivacitas,
384 2825 432 2882 sed
448 2820 576 2880 credendi
598 2817 753 2890 simplicitas
767 2813 927 2870 tutissimam
943 2809 1025 2865 lacit:

227 2932 259 2980 ut
272 2935 336 2993 ergo
359 2920 428 2997 itanc
446 2917 567 2973 omittam
582 2895 757 2982 sapientiam,
773 2921 854 2978 quam
866 2905 892 2960 in
907 2900 1028 2962 Ecclesia

228 3029 289 3072 esse
308 3011 439 3068 catholica
460 3025 514 3065 non
530 3005 653 3071 creditis;
667 3002 752 3058 multa
776 3009 839 3056 sunt
860 2999 911 3054 alia
924 3011 985 3068 quae
999 2995 1028 3050 iu

229 3105 400 3176 ejusgremio
418 3117 461 3158 me
481 3098 632 3172 justissimo
648 3103 766 3152 teneant.
782 3091 867 3148 'l'enet
886 3088 1029 3146 consensio

228 3198 390 3272 populorum
403 3205 483 3266 atque
495 3191 615 3263 peruium
628 3207 635 3244 :
650 3195 724 3244 tenet
735 3184 881 3242 auctoritas
893 3181 1029 3239 miraculis

229 3291 357 3348 inchoata
369 3331 377 3358 ,
391 3303 439 3360 spo
454 3286 571 3351 nutrita,
586 3283 717 3339 charitate
732 3289 809 3336 aucta
819 3321 828 3349 ,
838 3286 971 3334 vetustate
980 3275 1030 3331 hr-

230 3392 301 3440 mata
316 3383 345 3436 ¹:
362 3388 435 3437 tonet
445 3378 478 3434 ab
489 3379 547 3448 ipsa
561 3375 625 3432 sede
634 3373 707 3430 Petri
719 3371 843 3444 apostoli,
856 3369 899 3425 cui
913 3381 1029 3439 pascen-

230 3475 280 3534 das
290 3489 356 3532 oves
367 3487 429 3530 suas
440 3479 500 3543 post
514 3467 738 3526 resurrectionem
752 3462 881 3520 Dominus
893 3473 1032 3517 commen-

230 3567 321 3636 davit,
335 3581 420 3638 usque
443 3563 478 3620 ad
501 3569 662 3634 presentem
685 3558 868 3628 episcopatum
894 3551 1030 3609 successio

231 3661 426 3720 sacerdotum:
448 3665 524 3714 tenet
544 3663 682 3727 postremo
707 3651 797 3730 ipsum
817 3647 961 3704 Catholicre
978 3659 1031 3701 no·

232 3770 307 3823 men,
320 3752 392 3826 quod
407 3766 460 3808 nou
473 3751 531 3807 sine
543 3763 623 3805 cansa
642 3747 714 3802 inter
725 3751 780 3799 tam
800 3741 898 3798 multas
912 3739 1031 3795 baereses

232 3846 273 3903 sic
288 3846 339 3901 ista
360 3843 480 3900 Ecclesia
505 3841 562 3896 sola
576 3838 708 3904 obtinuit,
724 3843 824 3892 utcum
836 3847 930 3890 omues
945 3832 1033 3886 baere-

232 3937 280 3994 tici
299 3950 330 3992 se
349 3932 496 3991 catholicos
510 3929 563 3986 dici
574 3928 675 3993 veiint,
690 3927 821 3998 quaerenti
841 3933 930 3980 tamen
951 3935 1032 3994 pere-

233 4027 312 4099 grino
332 4023 430 4092 alicui,
441 4022 487 4078 ubi
500 4009 533 4076 ad
551 4018 716 4076 Catholicam
739 4015 931 4081 conveniatur,
942 4011 1033 4068 nuilus

234 4119 422 4176 hameticcrum
436 4114 480 4172 tel
503 4115 641 4194 basilicam
662 4125 739 4168 suam
751 4110 795 4167 uel
807 4108 916 4165 domum
935 4105 1035 4162 audeat

235 4210 389 4268 ostendere.
402 4206 457 4264 lsta
471 4221 536 4277 ergo
560 4215 599 4262 tot
617 4213 645 4263 et
666 4211 737 4260 tanta
760 4199 876 4258 nominis
894 4197 1034 4255 christiani

236 4301 392 4358 charissima
412 4297 544 4354 ¹uincula
563 4305 637 4354 recte
656 4295 794 4351 bominem
804 4299 896 4348 lencm
918 4287 1034 4346 creden-

236 4405 291 4452 tem
306 4395 333 4450 in
343 4394 474 4451 catholica
486 4391 614 4454 Ecclesia,
629 4389 735 4447 etiamsi
752 4395 861 4458 propter
879 4393 978 4441 nostrae
989 4382 1034 4438 in·

205 4480 208 4486 ’
238 4485 392 4557 belligentiae
412 4484 564 4542 tarditatem
578 4483 621 4539 rel
639 4483 701 4538 vitae
718 4479 845 4536 meritum
857 4478 955 4534 veritas
966 4489 1034 4531 non-

237 4578 301 4634 dum
318 4593 347 4635 se
370 4578 536 4649 apertissime
549 4563 681 4632 ostendat.
695 4571 772 4644 hpud
785 4586 833 4628 ros
852 4579 959 4635 autem,
984 4565 1032 4623 ubi

237 4671 304 4727 nihil
317 4671 413 4727 horum
425 4679 467 4728 est
481 4668 551 4742 quod
560 4655 609 4724 me*
618 4666 712 4723 invitet
726 4679 758 4721 ac
771 4670 881 4730 teneat,
896 4661 954 4717 scia
969 4673 1033 4732 per-

236 4773 317 4820 sonat
330 4762 450 4820 veritatis
469 4759 644 4832 pollicitatio:
659 4772 718 4829 quiae
731 4755 839 4828 quidem
860 4753 883 4808 si
906 4760 961 4808 tatu
975 4765 1035 4806 ma·

239 4853 335 4912 niiesta
350 4861 532 4920 monstratur,
547 4860 578 4907 ut
594 4850 622 4907 in
637 4849 746 4907 dubium
758 4846 851 4903 venire
864 4859 916 4900 non
930 4842 1035 4915 possit,

239 4945 419 5019 praeponenda
432 4954 472 5002 est
484 4943 609 5000 omnibus
618 4942 672 4998 illis
686 4939 777 5008 rebus,
791 4937 887 5009 quibus
900 4936 926 4991 in
936 4933 1037 4989 Catho-

239 5038 291 5094 lica
304 5047 416 5106 teneor;
432 5037 455 5092 si
467 5044 557 5100 autem
567 5030 751 5090 tantummodo
760 5028 933 5101 promittitur,
943 5033 971 5082 et
980 5039 1035 5082 non

239 5130 398 5198 exhibetur,
414 5113 547 5186 namome
558 5124 675 5182 movebit
689 5123 722 5179 ab
732 5137 764 5179 ea
777 5119 830 5178 lide
844 5134 903 5191 quse
915 5116 1035 5174 animum

240 5235 332 5277 meum
360 5229 400 5277 tot
421 5230 450 5278 et
471 5219 550 5278 tantis
575 5216 688 5275 nexibus
708 5211 863 5272 christiane
888 5207 1037 5281 religioui⁸

240 5312 373 5383 astringit.

279 5401 393 5461 curbi
404 5401 439 5460 l.
447 5433 483 5448 ·-
492 5402 519 5462 6.
530 5403 625 5460 Costrc
637 5399 738 5460 timim
750 5395 874 5472 Epistola
888 5393 1038 5454 llooicitcei.

274 5620 284 5654 ¹
302 5620 478 5672 tuccrbeiensi
494 5620 587 5683 codice,
597 5619 680 5683 dces,
691 5621 911 5684 necimmerito.

273 5682 286 5714 ²
300 5689 424 5743 buculas„
435 5681 576 5734 charissinae.

277 5739 289 5772 ³
301 5751 351 5798 um.
364 5753 391 5799 ct
401 5757 487 5798 omues
498 5753 551 5798 has.
561 5779 569 5808 ,
580 5742 711 5810 rciipiortt's.

1020 5764 1022 5767 ·
1094 5753 1134 5792 cos
1147 5731 1410 5793 tlitmtittctidicuntur,

1078 2186 1118 2228 cae
1133 2169 1262 2228 Ecclesia
1289 2173 1474 2222 commoneret
1496 2163 1652 2241 auctoritas.
1680 2159 1783 2229 Quibus
1808 2174 1875 2232 ergo

1079 2261 1263 2334 obtemperari
1275 2259 1444 2326 dicentibus,
1469 2256 1558 2315 Crede
1582 2253 1746 2326 Evangeli03
1773 2252 1875 2310 cuneis

1079 2371 1133 2413 uon
1145 2356 1328 2424 obtemperem
1340 2347 1493 2408 dicentibus
1506 2347 1592 2417 mihi,
1613 2345 1675 2402 Noli
1687 2344 1799 2401 credere
1818 2342 1875 2398 bla-

1079 2447 1209 2504 uicharisl
1222 2445 1297 2517 Elige
1310 2442 1375 2515 quid
1387 2442 1466 2498 velis.
1480 2440 1509 2499 Si
1521 2439 1639 2506 dixeris,
1656 2437 1742 2494 Crede
1750 2435 1874 2492 Catholi-

1080 2540 1139 2605 cis;
1155 2538 1206 2610 ipsi
1224 2551 1269 2593 me
1283 2543 1396 2592 mouent
1413 2544 1442 2590 ut
1459 2532 1559 2588 nuliam
1580 2530 1659 2586 hdem
1672 2527 1874 2584 accommodem

1081 2632 1159 2688 vohis
1171 2649 1178 2687 :
1192 2636 1355 2700 quapropter
1364 2643 1418 2683 non
1431 2639 1541 2697 possum
1554 2622 1610 2678 iilis
1620 2621 1733 2678 credam
1742 2661 1751 2688 ,
1761 2619 1814 2676 nisi
1826 2618 1876 2676 tibi

1081 2723 1263 2782 noncredcre.
1275 2722 1305 2778 Si
1316 2720 1431 2786 dixeris,
1447 2718 1507 2775 Noli
1525 2716 1669 2774 Catholicis
1677 2715 1806 2781 credere;
1819 2729 1877 2770 nou

1082 2826 1156 2876 recte
1167 2816 1250 2873 iacies
1261 2829 1311 2886 per
1325 2813 1501 2885 branceduno
1514 2827 1559 2870 me
1569 2825 1668 2883 eligere
1687 2809 1722 2866 ad
1736 2807 1877 2866 manichaei

1082 2909 1181 2978 tidem,
1204 2908 1266 2980 quia
1288 2906 1338 2977 ipsi
1351 2903 1499 2975 Evangelio
1511 2901 1657 2959 Catholicis
1668 2899 1878 2972 predicantibus

1082 3002 1194 3061 credidi.
1209 3001 1238 3057 Si
1249 3008 1339 3056 autem
1352 2998 1471 3065 dixeris,
1485 2997 1570 3054 liecte
1581 2995 1720 3052 credidisti
1731 2991 1879 3051 Catholicis

1083 3094 1253 3153 laudantibus
1269 3092 1462 3164 Evangelium;
1487 3089 1537 3146 sed
1562 3105 1616 3145 non
1639 3097 1712 3145 recte
1725 3087 1777 3160 iilis
1790 3087 1880 3143 eredi-

1083 3187 1146 3244 disti
1171 3183 1385 3256 vituperantibus
1403 3180 1580 3238 llanicboeutn
1604 3193 1712 3250 :usque
1738 3177 1807 3234 adeo
1834 3193 1880 3234 nte

1083 3279 1196 3342 stultum
1208 3286 1304 3349 putas,
1319 3284 1349 3333 nt
1361 3275 1433 3331 uuila
1443 3273 1546 3330 reddita
1559 3271 1664 3327 ratione
1675 3269 1747 3342 quod
1760 3270 1802 3326 uis
1816 3283 1876 3326 cre·

1084 3372 1146 3429 dam
1157 3413 1165 3439 ,
1176 3371 1248 3443 quod
1260 3385 1317 3426 nou
1336 3370 1378 3425 tis
1387 3383 1442 3426 uon
1454 3366 1582 3424 credaml
1601 3365 1685 3422 blulto
1697 3364 1769 3420 enim
1781 3361 1880 3436 justius

1084 3475 1166 3539 atque
1189 3464 1293 3520 cautius
1313 3461 1401 3529 iacio,
1428 3460 1450 3516 si
1474 3457 1621 3516 Catholicis
1641 3455 1768 3528 quoniam
1792 3452 1881 3532 semel

1085 3557 1208 3625 credidi,
1220 3555 1255 3612 ad
1269 3564 1297 3612 te
1310 3570 1365 3611 nou
1378 3561 1502 3618 transeo,
1517 3551 1568 3606 nisi
1580 3565 1625 3606 me
1634 3564 1690 3605 non
1698 3547 1811 3605 credere
1820 3545 1881 3618 jus·

1086 3649 1170 3718 seris,
1184 3647 1233 3706 sod
1245 3645 1504 3702 manifestissimam
1515 3642 1685 3715 apertissime
1698 3639 1769 3697 scire
1779 3638 1883 3711 aliquid

1085 3742 1194 3800 leceris.
1210 3739 1343 3810 Quocirca
1355 3739 1378 3804 si
1392 3737 1459 3795 mibi
1471 3737 1602 3792 rationem
1617 3733 1770 3790 redditurus
1779 3746 1820 3799 os,
1830 3730 1881 3787 di·

1086 3840 1164 3898 mitte
1184 3837 1370 3910 Evangeiium.
1385 3834 1415 3893 si
1427 3833 1463 3890 ad
1476 3830 1650 3902 Evangelium
1663 3837 1690 3886 te
1712 3837 1808 3896 tenes,
1830 3841 1883 3898 ago

1087 3950 1132 3992 me
1140 3933 1176 3990 ad
1187 3947 1235 3990 eos
1248 3941 1373 3998 teneam,
1397 3926 1494 4000 quibus
1505 3924 1722 3996 precipientibus
1736 3920 1883 3994 Evangelio

1088 4025 1208 4092 credidi,
1230 4023 1314 4081 ethis
1329 4019 1484 4093 jubentibus
1502 4017 1550 4073 tibi
1563 4017 1673 4073 omniuo
1685 4031 1739 4073 non
1759 4013 1882 4072 credam.

1090 4118 1167 4189 Quod
1187 4117 1210 4173 si
1230 4115 1301 4173 lorte
1312 4114 1340 4169 in
1353 4111 1499 4182 Evangelio
1518 4109 1619 4181 aliquid
1634 4107 1833 4179 apertissimum
1848 4104 1884 4162 dc

1090 4208 1229 4267 llanichaei
1253 4205 1405 4278 apostolatu
1428 4203 1551 4259 invenire
1570 4199 1709 4273 potueris,
1734 4196 1884 4252 infirmabis

1089 4301 1157 4360 mihi
1169 4298 1368 4356 Catholicomm
1380 4295 1587 4360 auctoritatem,
1615 4291 1662 4362 qui
1672 4289 1769 4362 iubent
1789 4296 1820 4344 ut
1835 4287 1884 4344 tibi

1089 4409 1144 4452 uon
1156 4392 1264 4451 ιιοᾰιιιι
1278 4409 1286 4446 t
1300 4406 1351 4463 qua
1365 4388 1499 4444 infirmata
1515 4429 1524 4457 ,
1537 4389 1593 4459 jam
1604 4399 1655 4440 nco
1669 4382 1814 4454 Evangelio
1825 4396 1885 4437 cre·

1090 4489 1156 4545 dere
1169 4496 1280 4559 potero,
1302 4483 1364 4555 quia
1377 4497 1426 4554 per
1447 4495 1495 4538 cos
1507 4479 1549 4536 illi
1571 4477 1754 4544 credideram3
1768 4475 1805 4531 ita
1817 4473 1884 4528 nihil

1091 4581 1161 4655 apud
1173 4596 1217 4638 me
1236 4577 1352 4646 calebit,
1368 4573 1498 4647 quidquid
1511 4572 1574 4629 inde
1585 4571 1739 4642 protuleris.
1759 4568 1883 4638 Quapro-

1093 4683 1154 4747 pter
1168 4674 1191 4729 si
1204 4670 1270 4727 nibil
1294 4666 1467 4725 manifestum
1479 4663 1514 4721 de
1529 4661 1670 4718 Eartichrei
1693 4658 1840 4732 apostolatu
1853 4655 1885 4714 itt

1100 4763 1246 4835 Evangelio
1265 4759 1416 4831 reperitur,
1430 4754 1575 4813 Catholicis
1585 4754 1673 4826 potius
1685 4752 1791 4809 mam
1803 4761 1886 4822 quan

1093 4859 1151 4916 tibi.
1163 4857 1191 4914 Si
1199 4864 1290 4912 autem
1303 4852 1404 4925 aliquid
1417 4849 1480 4907 inde
1490 4846 1664 4906 manifestum
1674 4859 1725 4916 pro
1737 4841 1887 4899 stertebas

1093 4952 1211 5026 legeris,
1235 4963 1286 5005 nec
1307 4947 1377 5014 iilis,
1405 4961 1456 5004 nec
1471 4943 1518 5001 tibi
1533 4961 1541 4999 ι
1556 4942 1627 5010 illis,
1653 4938 1716 5010 quia
1732 4937 1767 4996 de
1779 4946 1806 4994 te
1817 4931 1887 4992 ntbt

1093 5044 1288 5125 mentitisunt;
1310 5041 1359 5096 tibi
1371 5047 1478 5104 autem,
1499 5037 1562 5107 quia
1571 5049 1632 5092 eam
1646 5032 1805 5103 scripturam
1818 5025 1887 5085 miii
1999 5100 2000 5105 η

1093 5137 1196 5213 proiers
1208 5176 1217 5208 ,
1230 5133 1275 5194 oui
1289 5149 1338 5207 per
1348 5133 1412 5191 illos
1433 5130 1620 5200 credideram,
1634 5125 1681 5200 qui
1702 5123 1769 5183 mihi
1779 5118 1886 5181 neruo

1124 5425 1212 5477 lmm
1223 5431 1274 5474 mr
1286 5427 1314 5473 et
1326 5425 1375 5482 &02
1385 5416 1496 5470 mm
1514 5414 1662 5484 dim,
1674 5420 1757 5462 Am·
1773 5405 1890 5469 mw‘n.

1094 5488 1178 5545 ednod
1189 5485 1335 5538 ducebmnut
1344 5496 1360 5534 o
1370 5481 1444 5532 cobis.
1454 5487 1505 5530 huo
1517 5487 1580 5538 tias,
1592 5473 1715 5531 mehnmis
1723 5469 1889 5542 discebaturq

1092 5551 1169 5605 nobis.
1181 5548 1287 5599 Tandem
1298 5543 1478 5596 vetustissimus
1487 5541 1642 5590 corbeiensis
1651 5535 1731 5587 codex
1740 5549 1748 5585 ι
1756 5532 1889 5585 intermittit

1093 5615 1232 5668 dicem
1243 5607 1340 5660 cuchis
1352 5610 1425 5656 Favet
1435 5603 1492 5652 huic
1500 5600 1599 5651 lectioni
1609 5598 1675 5662 quod
1689 5597 1761 5660 inira,
1772 5595 1798 5647 iu
1806 5594 1889 5657 capite

1094 5677 1225 5735 miscitur
1236 5669 1363 5722 decadem
1374 5663 1480 5780 Εμίεδιῖιὶἒ
1490 5677 1497 5713 t
1510 5674 1565 5727 qum
1575 5659 1747 5734 [memmius
1757 5669 1801 5724 qttt
1818 5659 1888 5721 apitii
