4034 6334
109 372 160 438 Ν

111 487 382 563 qnisnltjocitin'spe
398 489 485 560 (Rom.
501 505 561 558 utu,
574 489 633 564 ιθ).

278 372 326 430 tn
343 372 495 434 (lllOSlffll
510 374 650 434 warna
666 376 830 437 Pmoun.
850 375 895 434 nt
912 371 1062 444 (mitid,
1083 372 1112 432 S.
1132 371 1316 438 nondecim
1333 380 1439 438 uouit
1456 379 1560 441 llllllS.

1696 387 1750 444 oto

957 495 1005 552 liei
1019 495 1051 552 ad
1066 495 1138 552 illius
1151 498 1217 554 tanti
1234 504 1262 552 ot
1275 497 1335 554 talis
1354 497 1461 568 populi,
1475 499 1521 554 cni
1541 501 1610 559 sinn
1633 509 1752 574 penetral

142 582 168 638 l.
183 580 263 650 lloc,
285 582 360 638 sima
380 581 499 639 retinere
511 583 603 653 potui,
623 583 741 640 breviter
754 583 904 656 amemur
957 588 1034 658 perga
1049 588 1173 658 imposita
1186 597 1237 656 est,
1251 589 1290 646 sic
1304 597 1365 660 post
1376 590 1480 662 plagam
1492 606 1557 648 cura
1569 591 1691 662 debetur,
1705 611 1753 651 re·

111 685 164 743 εει,
182 685 210 730 ιιι
226 676 377 746 perspectis
397 675 522 733 omnious
533 677 634 732 morbis
650 676 812 734 medicinam
824 677 904 733 aditi-

958 679 1045 736 nredia
1064 679 1223 750 proferenda
1242 691 1270 738 te
1284 683 1416 751 electum,
1439 697 1484 740 me
1501 684 1612 742 missum
1633 700 1694 742 esse
1706 700 1753 743 co·

111 769 170 824 ltere
183 765 311 824 festines.
327 767 375 824 Est
389 768 489 824 verius
500 766 600 824 Christi
612 767 640 824 in
652 784 707 838 me,
720 769 783 842 qrtia
795 779 905 841 propter
957 785 1125 843 gnoscerem.
1141 772 1241 830 llemor
1253 775 1316 840 mel,
1332 774 1486 832 beatissime
1498 785 1583 848 pater,
1597 777 1751 835 multorum·

110 859 287 916 venerabilem
306 861 484 918 reverentiam
498 858 653 918 Sanctimu
672 871 725 918 tuac
736 878 802 926 osse
815 863 905 935 impo-

957 876 1011 934 qoe
1023 863 1068 934 qui
1084 877 1189 920 meonm
1202 865 1273 920 velot
1282 880 1328 922 ros
1339 866 1473 940 eloquium
1484 878 1558 926 tuum
1571 879 1602 926 ot
1611 883 1693 940 super
1705 883 1754 926 eos

110 951 234 1008 densnon
247 952 392 1021 auderem,
402 953 724 1098 nisicnldentijudieioet
735 956 904 1012 ordinatione
958 954 1104 1014 descendat
1116 965 1283 1029 exspectant,
1298 973 1358 1016 esse
1370 959 1490 1032 ligitare.

417 1225 493 1342 S·
531 1133 912 1340 Adanu!
948 1228 1414 1347 AUGUS'HN
1416 1235 1451 1348 1

695 1413 954 1478 ttteeottnnsls
974 1415 1152 1482 crisconi

375 1579 594 1801 to
680 1573 1517 1876 onosrunr

844 1925 1006 1993 CONTRA

114 2081 916 2218 PRlSCILLIANlSTAS
976 2086 1093 2219 ET
1153 2090 1749 2230 ORIGENISTAS

745 2283 885 2380 attin
920 2303 1033 2392 nens
1054 2307 1105 2384 to

766 2457 1085 2513 *ewa-0

135 2570 252 2630 caron
271 2571 415 2629 PlilllUll.
429 2602 464 2614 -
476 2572 503 2629 l.
514 2570 688 2644 Respondete
699 2571 746 2629 titt
757 2572 900 2644 querenti,

955 2581 1045 2627 ereata
1057 2581 1117 2628 est:
1132 2571 1185 2630 ltoc
1203 2573 1309 2646 quidem
1326 2575 1381 2648 lam
1403 2593 1456 2634 non
1475 2579 1592 2651 pertinet
1609 2581 1643 2638 ad
1661 2579 1753 2638 redar-

104 2663 279 2720 dilectissime
291 2661 329 2721 lili
341 2663 435 2731 Orosi,
457 2679 508 2721 nec
520 2665 553 2720 ad
568 2663 659 2720 omnia
678 2663 781 2732 debeo,
802 2679 862 2735 qum
875 2663 903 2718 in
957 2661 1088 2735 gnendam
1102 2663 1258 2722 Priscillionl
1272 2667 1427 2740 sacrilegam
1438 2671 1591 2728 vanitatem.
1603 2671 1666 2730 Siue
1680 2672 1752 2728 enirn

105 2765 147 2811 tuo
158 2755 377 2812 Commonitorio
396 2755 522 2827 posuisti,
541 2771 591 2811 nee
603 2754 713 2810 omnino
731 2769 784 2812 non
804 2753 901 2823 debeo,

104 2863 135 2903 oe
148 2847 270 2904 studium
283 2855 374 2915 tuum,
392 2846 464 2919 quod
477 2848 542 2903 milri
560 2847 739 2918 gratissimum
758 2852 819 2912 est,
835 2860 902 2902 oon-

103 2943 247 3013 tempsisse
264 2939 366 3008 ridear,
379 2947 408 2997 ει
419 2941 454 2996 ob
467 2941 518 2996 hoc
535 2941 744 3012 intemperanter
756 2937 899 2994 offendam.

103 3031 166 3090 llam
180 3033 209 3090 in
223 3033 384 3104 qonosorm
397 3032 531 3102 opusculis
543 3029 652 3096 nostris,
667 3046 727 3101 queo
739 3031 782 3085 rel
797 3029 900 3100 legisti,

103 3126 143 3182 rel
156 3125 251 3196 legere
264 3131 373 3194 potens,
387 3123 469 3179 molta
485 3121 557 3178 dieta
570 3131 647 3190 sunt,
662 3137 722 3193 quae
735 3123 840 3177 valeant
851 3120 902 3175 ad-

103 3235 197 3277 ιειειιε
210 3218 337 3275 ltaeresim
349 3217 625 3275 Priscillianistarorn:
639 3216 762 3288 quamuis
772 3230 825 3271 non
836 3213 901 3268 nrilri

104 3327 148 3368 eos
158 3310 348 3383 proposuerim
361 3308 540 3374 retettennos;
556 3307 604 3363 sed
618 3322 677 3363 cum
692 3307 763 3362 alind
781 3319 899 3376 agerem,

104 3406 182 3460 etiam
198 3404 253 3458 ltoc
267 3417 311 3458 me
325 3402 414 3474 egisse
426 3415 498 3458 nune
510 3400 640 3472 intelligo,
653 3399 761 3470 quando
774 3413 808 3453 ex
822 3408 849 3452 te
858 3411 902 3451 ao·

104 3495 146 3552 dio
159 3495 226 3568 quid
239 3494 278 3551 illi
295 3496 420 3551 sentiant.
435 3493 512 3563 Quod
532 3494 604 3550 eninr
622 3500 664 3549 εει
676 3488 804 3547 aduersus
818 3491 901 3546 llarti·

104 3587 193 3644 choos
206 3587 300 3642 multis
317 3601 333 3642 a
351 3601 396 3642 me
411 3586 477 3640 loeis
492 3584 526 3642 de
539 3585 628 3641 anima
642 3585 820 3654 disputatum,
841 3595 901 3653 onae

104 3681 166 3736 litet
179 3681 328 3737 seeundum
342 3679 483 3751 quemdam
497 3678 607 3734 modurn
618 3693 695 3734 suum
713 3677 748 3733 sit
760 3676 899 3732 immorta-

104 3772 154 3840 lis,
170 3771 304 3827 tamenin
321 3771 439 3827 deterius
453 3769 601 3826 deficiendo
619 3776 646 3825 ει
662 3769 688 3824 io
706 3767 801 3824 mdius
820 3765 902 3836 proit-

104 3863 201 3919 ciendo
223 3860 360 3918 mamillis
380 3875 441 3917 εεεε
462 3860 636 3926 convincitur,
656 3867 685 3916 et
705 3873 753 3929 per
773 3857 825 3913 noe
846 3872 900 3913 noo

103 3970 165 4010 esse
179 3953 214 4010 de
227 3953 273 4009 liei
286 3953 435 4009 substantia
447 3951 640 4008 dilucidissime
651 3950 808 4016 ostenditur,
820 3947 900 4004 simul

104 4061 211 4119 qooqtm
230 4045 390 4101 Priscillianl
408 4044 505 4116 dogma
524 4045 664 4100 subvertit.
678 4043 735 4098 lloc
755 4042 826 4097 enlm
847 4055 901 4096 uno

104 4138 260 4195 firmissime
277 4138 434 4204 constituto,
449 4135 520 4207 quod
536 4145 564 4192 et
575 4136 745 4192 verissimum
765 4145 820 4200 est,
835 4142 862 4189 et
874 4135 901 4189 io

106 4233 197 4302 seipso
210 4229 394 4302 uuusquisque
407 4229 560 4284 admonitos
570 4227 696 4283 facillime
710 4225 838 4298 agnoscit,
854 4241 902 4280 ne-

105 4343 158 4398 que
167 4327 217 4394 iili,
230 4340 320 4394 neque
330 4323 375 4379 isti
385 4323 522 4377 inveniunt
535 4321 604 4376 unde
616 4335 678 4376 suas
688 4319 790 4377 labulas
800 4325 900 4374 terant.

105 4417 174 4486 Quid
186 4427 276 4473 autern
294 4429 362 4484 opus
378 4422 420 4470 εει
435 4413 475 4468 ire
495 4427 543 4484 per
559 4411 736 4483 amputandos
751 4425 840 4466 moros
859 4409 902 4466 lo·

104 4509 261 4582 quacissimi
284 4506 400 4573 erroris,
416 4507 493 4575 eujus
506 4504 622 4561 radicem
636 4503 752 4558 ellodere
764 4513 844 4572 atque
856 4518 902 4558 ex·

105 4605 220 4673 stirpare
232 4596 420 4670 compendium
432 4607 490 4662 est;
506 4612 566 4653 corn
577 4594 725 4666 praeserdm
738 4602 766 4649 ει
775 4593 833 4663 ipse.
841 4607 904 4664 pra·

105 4785 321 4843 esseconsictal

107 4985 192 5040 usone
205 4967 320 5032 versari,
335 4974 423 5021 utrum
437 4980 496 5020 earo
511 4965 582 5020 Deus
596 4963 732 5034 (quonlam
744 4961 902 5034 particulam

105 5064 150 5118 rel
164 5062 345 5119 defluxionem
357 5058 417 5130 ejus
429 5073 482 5114 non
495 5071 555 5114 esse
567 5057 622 5127 jam
636 5057 754 5125 constat)
769 5071 803 5110 ex
818 5053 903 5108 nihilo

105 5171 215 5212 ειειεεε
232 5153 364 5212 dicendus
382 5153 435 5222 sit,
448 5165 481 5208 eo
495 5149 566 5223 quod
579 5150 674 5206 dorttm
693 5148 846 5218 olimpium
861 5146 903 5202 ri-

957 2771 990 2812 cx
1006 2755 1089 2812 nilrilo
1103 2756 1171 2813 lacta
1189 2758 1224 2813 sit
1244 2759 1354 2828 anima,
1366 2759 1422 2817 slve
1436 2761 1487 2817 lroo
1501 2773 1641 2834 propterea
1660 2763 1752 2818 dicen-

956 2846 1020 2902 dum
1036 2863 1089 2902 non
1104 2847 1155 2916 sit,
1170 2849 1232 2919 quia
1254 2849 1301 2906 lici
1313 2851 1448 2906 volumtate
1472 2851 1538 2907 loeta
1553 2859 1609 2920 εει,
1632 2867 1691 2923 qum
1705 2867 1753 2908 uo·

955 2939 1045 3010 luntas
1059 2939 1151 3012 utiquc
1164 2955 1218 2996 nou
1233 2952 1274 2997 εει
1289 2942 1353 2998 nilrll
1368 2960 1375 2996 :
1392 2951 1479 2998 tartton
1492 2946 1553 3014 quia
1567 2943 1645 3008 lacta,
1661 2952 1689 2999 ει
1704 2943 1754 3000 Del

954 3040 1050 3086 natura
1068 3047 1122 3088 non
1141 3041 1184 3090 est
1194 3035 1215 3102 ¹,
1231 3033 1352 3106 prolecto
1365 3033 1475 3093 heresis
1489 3037 1532 3092 illo
1541 3034 1681 3105 refellitur,
1695 3052 1754 3108 quoe

954 3124 1072 3179 animam
1088 3123 1213 3195 primitus
1227 3135 1347 3181 naturam
1359 3125 1407 3183 Del
1422 3143 1481 3183 esse
1494 3128 1647 3196 contendit,
1664 3135 1692 3183 ut
1706 3127 1754 3184 lra-

954 3215 1018 3270 lteat
1029 3215 1101 3272 unde
1113 3217 1256 3273 concinnet
1269 3219 1280 3250 ¹
1295 3217 1330 3272 ibi
1343 3217 1471 3292 quidquid
1482 3219 1553 3275 aliud
1569 3219 1692 3275 salsitatis
1703 3216 1753 3274 ad-

952 3305 1050 3379 jungit.
1066 3307 1165 3364 lorum
1183 3309 1245 3379 quia
1263 3310 1385 3365 etlstom
1398 3311 1572 3382 qttaestionem
1586 3325 1714 3383 spernere
1728 3315 1755 3365 ει

954 3400 1131 3456 indiscussam
1148 3400 1299 3472 relinquere
1319 3417 1372 3458 non
1391 3412 1513 3475 oportct;
1528 3403 1700 3474 quaerendum
1713 3407 1755 3458 εει

953 3491 989 3547 alt
998 3493 1067 3560 istis,
1078 3493 1124 3564 qui
1135 3500 1275 3564 propterea
1289 3493 1382 3549 nolunt
1392 3495 1506 3549 animam
1518 3510 1550 3550 ex
1562 3495 1646 3550 nllrilo
1657 3494 1753 3550 lectam
1843 3483 1847 3490 '

954 3583 1078 3653 credere,
1085 3599 1118 3638 no
1127 3585 1291 3639 voluntatem
1300 3583 1346 3640 Dei
1353 3601 1404 3656 qua
1415 3584 1484 3640 lacta
1492 3593 1533 3640 est
1541 3585 1604 3641 nihil
1615 3599 1675 3640 esse
1685 3599 1754 3640 asse·

954 3681 1025 3738 rant,
1035 3673 1209 3746 quarendum
1218 3685 1329 3747 astorgo
1340 3675 1428 3743 abeis,
1439 3675 1634 3731 utrumnullam
1645 3684 1754 3730 ereatu-

953 3780 1012 3821 ram
1023 3781 1058 3822 ει
1069 3765 1153 3820 nllrllo
1163 3767 1259 3822 laetam
1269 3782 1329 3823 esse
1339 3767 1480 3824 fateantur.
1493 3767 1600 3823 Sienim
1611 3766 1637 3822 ld
1646 3775 1751 3838 potant,

955 3855 1104 3912 uerendum
1112 3863 1154 3913 εει
1165 3871 1199 3913 ne
1206 3857 1286 3914 aliam
1294 3857 1436 3930 quamdam
1445 3865 1567 3913 naturam
1575 3865 1706 3914 conentur
1715 3856 1752 3914 in·

954 3948 1064 4015 dooere,
1076 3963 1135 4019 quae
1143 3963 1229 4020 neque
1240 3950 1310 4036 Deos
1318 3951 1363 4019 sit,
1375 3965 1423 4006 nec
1433 3961 1523 4006 tomen
1538 3950 1603 4006 rtiltll
1614 3951 1658 4014 sit,
1672 3967 1752 4022 quam

954 4040 1029 4096 uelut
1041 4041 1180 4096 materiam
1194 4040 1244 4096 sibi
1254 4041 1400 4111 subjectam
1411 4043 1462 4098 nisi
1474 4041 1544 4098 [ιειιε
1552 4041 1673 4112 haberet,
1683 4041 1754 4100 unde

952 4133 1056 4189 laceret
1069 4133 1198 4206 quidquid
1211 4134 1273 4190 lecit
1289 4135 1409 4192 invenire
1423 4151 1476 4192 non
1495 4142 1595 4207 posset.
1608 4135 1674 4191 Nam
1688 4134 1753 4191 dom
1850 4207 1853 4214 γ

953 4227 1161 4297 quaritoronde
1172 4237 1322 4284 creaturam
1334 4243 1410 4284 suam
1424 4229 1494 4285 [leus
1508 4227 1615 4297 lecerit,
1630 4229 1753 4300 qrraedam

953 4322 1081 4376 materies
1091 4321 1219 4390 quaetilut·
1230 4339 1237 4374 :
1252 4321 1329 4376 sicuti
1339 4330 1381 4376 εει
1392 4303 1466 4377 labro
1477 4323 1588 4393 lignum,
1602 4322 1645 4375 uel
1655 4323 1755 4393 quodli-

954 4412 1001 4468 ltet
1012 4425 1125 4483 eorpus,
1137 4411 1209 4481 quod
1221 4411 1273 4467 nisi
1285 4412 1424 4481 habuerit,
1435 4429 1466 4469 ea
1478 4411 1565 4469 lacere
1580 4427 1639 4484 qoae
1652 4412 1686 4467 alt
1696 4411 1755 4485 elus

955 4512 1013 4558 arte
1035 4512 1204 4572 expetuntur,
1226 4501 1336 4558 omnino
1352 4518 1404 4558 non
1419 4505 1524 4578 poterit.
1540 4503 1607 4558 Com
1631 4517 1695 4576 ergo
1709 4519 1754 4559 re-

955 4591 1111 4665 spondetur,
1137 4593 1175 4648 Ex
1191 4591 1292 4660 niltilo;
1312 4593 1375 4666 quid
1390 4593 1575 4666 respondetur,
1591 4593 1641 4649 nisi
1656 4595 1754 4650 nullam

106 4697 200 4751 tuleris
210 4694 289 4766 ,jam
310 4692 356 4748 illa
375 4691 571 4792 labulosissinta
586 4689 760 4746 deliramenta
774 4687 844 4758 apud
854 4701 904 4744 uos
956 4701 980 4741 ει
973 4684 1139 4756 subjectam
1156 4683 1239 4741 lotsse
1253 4687 1392 4742 materiam
1396 4701 1495 4758 ,quarn
1510 4687 1566 4758 ipse
1578 4703 1632 4743 non
1645 4688 1752 4754 lecerat

956 4787 986 4833 ιιι
1004 4777 1117 4834 haberet
1128 4778 1198 4835 undo
1213 4778 1328 4852 laceret,
1345 4779 1442 4853 siquid
1457 4781 1551 4846 vellet,
1568 4789 1596 4836 et
1610 4795 1688 4850 quom
1703 4780 1754 4835 nisi

143 4877 256 4935 caton
271 4877 353 4932 ll.—
365 4875 393 4930 ἵ.
406 4874 460 4932 Sed
474 4873 509 4930 de
522 4873 609 4928 anima
628 4872 802 4944 questionem
817 4869 904 4927 adhoc
957 4870 1078 4938 haberet,
1095 4868 1185 4927 locere
1197 4886 1250 4927 non
1262 4872 1383 4928 valeret?
1396 4871 1518 4928 lloteries
1534 4871 1631 4942 qnippe
1645 4869 1754 4937 mnndi,

957 4976 1018 5032 qum
1038 4960 1064 5016 in
1085 4961 1164 5018 celtus
1183 4963 1355 5018 mutabilibus
1370 4972 1512 5033 utcumque
1534 4961 1706 5031 dignoscitur,
1722 4961 1756 5017 alt

957 5043 1017 5124 ipso
1029 5054 1173 5109 constituta
1191 5063 1246 5122 est,
1272 5071 1285 5108 a
1307 5071 1361 5126 quo
1381 5055 1539 5110 constitutus
1562 5061 1603 5107 est
1628 5054 1753 5110 mundns.

957 5145 1126 5216 Quapropter
1148 5145 1197 5202 etsi
1211 5145 1275 5202 lecit
1295 5144 1394 5216 aliquid
1410 5146 1481 5200 Deos
1502 5150 1548 5197 aut
1572 5141 1635 5197 iacit
1655 5159 1689 5198 ex
1703 5145 1755 5200 alia

104 5249 204 5306 dentur.
214 5247 381 5304 uoluntatem
400 5245 447 5304 liei
461 5245 553 5302 dicere
566 5243 633 5300 niltil
647 5257 717 5307 esse,
733 5255 786 5311 qno
797 5241 904 5296 roleme
958 5252 1125 5310 qtraeotnqoe
1146 5253 1191 5305 re;
1208 5254 1261 5294 non
1283 5248 1371 5296 tamen
1387 5254 1420 5295 ει
1434 5251 1465 5292 ea
1487 5252 1516 5292 ro
1530 5235 1594 5292 lecit
1613 5245 1657 5293 aut
1674 5235 1754 5308 lacit,

703 5367 847 5410 nononttto
865 5367 906 5406 ΡΙ).
927 5365 1168 5408 nnncntcttnonun.

140 5455 210 5505 liber
219 5455 250 5504 ad
260 5454 372 5508 mesiam
382 5457 465 5503 eontra
476 5449 665 5501 priscillianistas
674 5456 700 5498 ει
710 5449 867 5517 (origenistas,
881 5455 914 5493 ex
925 5444 1045 5494 vaticanis
1055 5442 1150 5493 duoltus
1161 5449 1213 5494 tiss.
1228 5456 1260 5493 ex
1270 5443 1378 5511 quinque
1388 5439 1528 5502 Gallicanis,
1540 5441 1689 5507 colbertino,
1700 5453 1754 5498 sor·

105 5517 206 5576 bonico
214 5518 398 5580 signamoorts,
409 5513 646 5572 victoriolsduobns,
660 5519 686 5562 ει
695 5523 727 5560 ει
736 5507 913 5570 aouquiorihns
924 5505 1071 5556 editionibus
1081 5511 1259 5556 correctusest.

152 5599 409 5680 Comporooimtrs
418 5606 571 5678 pretereo
584 5614 633 5658 eos
648 5611 751 5655 ornnes
765 5589 917 5654 editiones
933 5588 1028 5650 initio
1040 5587 1125 5649 lleir.
1138 5592 1167 5645 ει
1176 5585 1333 5661 Conless
1343 5595 1367 5647 t.
1382 5588 1412 5660 1,
1427 5597 1622 5652 memoratos.
1669 5591 1711 5659 tt.

143 5869 532 5939 blamtmnnoclrntllld.

993 5749 1067 5800 ἰιεε
1071 5749 1275 5821 ,pompandam
1289 5745 1548 5806 Deituturononest

961 5809 1050 5924 mtto
1071 5781 1197 5861 ιιειειίιιιε
1227 5810 1330 5874 allisque
1352 5811 1476 5866 nonnullis
1501 5815 1754 5928 summanus·
