4034 6334
164 431 226 479 esur
237 414 338 485 amitto
349 411 412 485 bet,
424 406 669 472 bominemtastum
691 401 725 467 ad
744 400 887 480 imaginem
904 406 963 483 eins

166 506 211 582 qui
225 503 327 564 crearit
341 518 414 561 eum.
429 499 580 559 &orandum
595 497 664 557 hauc
676 506 765 557 autem
780 497 789 530 ¹
809 498 962 555 renovatio·

165 613 226 655 nem
242 593 375 654 ellicimur
391 594 472 651 etiam
486 591 532 649 lilii
547 590 594 649 bei
607 606 656 666 per
670 591 831 660 baptismum
842 587 960 659 Christi,

165 702 191 751 ct
204 691 347 750 induentes
359 704 458 749 novum
472 687 618 757 hominem,
627 686 763 745 Christum
773 685 864 756 utique
875 683 961 741 indui·

164 775 224 841 mus
238 797 288 854 per
299 781 388 840 tidem.
397 780 462 852 Quis
474 790 517 839 est
526 793 591 850 ergo
602 775 647 852 qui
661 778 757 838 abhoc
769 776 906 838 consortio
919 776 961 835 te·

164 865 251 931 minas
263 860 373 940 alienet,
387 887 448 931 cnm
459 871 513 931 sint
523 870 663 932 nobiscum
677 868 770 943 gratia
784 867 959 936 cohaeredem

164 954 258 1024 etalio
280 964 341 1022 loco
363 963 585 1036 idcmapostolns
603 961 693 1030 dicat,
716 959 810 1022 Omnes
823 960 891 1016 mim
911 957 961 1030 filii

163 1055 213 1112 Dei
236 1056 295 1112 estis
315 1072 361 1126 per
384 1055 462 1126 pidem
483 1054 510 1110 iu
524 1050 710 1110 comnotus.
724 1052 879 1123 Quicumque
892 1050 961 1110 enim

164 1147 190 1202 in
203 1146 302 1204 Christo
317 1132 439 1218 baptisati
452 1145 527 1213 estis,
550 1143 678 1200 Christum
697 1138 902 1201 incrustatum
922 1150 961 1198 sat

162 1237 272 1297 tndem
287 1255 366 1310 neque
380 1236 484 1295 (ἔτεινε
493 1279 502 1304 ,
512 1254 565 1292 nou
578 1246 614 1294 est
627 1252 713 1297 seruus
724 1251 804 1308 usgue
816 1233 895 1300 liber,
908 1249 961 1290 nou

163 1328 341 1409 sst'moscutur
360 1347 440 1401 neque
453 1329 548 1400 {emino
562 1345 572 1384 .·
584 1344 671 1384 omnes
683 1328 751 1383 euim
759 1343 804 1382 uos
813 1342 893 1382 unum
900 1325 961 1381 estis

163 1417 300 1478 inClrrirto
311 1419 373 1478 lesu
384 1420 482 1493 (Gotot.
498 1437 538 1490 ιιι,
548 1412 669 1491 euasit
678 1418 873 1494 Numquidnam
882 1418 962 1489 igitur

170 1516 268 1574 fideles
282 1514 389 1572 teminae
401 1530 494 1574 serum
508 1513 629 1586 corporis
651 1511 818 1572 amiseruutt
834 1510 887 1568 Sed
899 1511 961 1582 qaria

164 1607 200 1666 ibi
214 1617 378 1665 renovantur
400 1605 433 1662 ad
455 1607 598 1679 imaginem
611 1603 679 1674 bei,
700 1604 745 1664 ubi
769 1617 850 1660 serus
870 1601 961 1658 nullus

165 1706 222 1766 εει,
238 1699 275 1755 ibi
287 1698 371 1754 lactus
384 1707 426 1755 est
441 1697 522 1754 bomo
539 1695 573 1753 ad
587 1696 729 1768 imaginem
741 1693 807 1761 bei,
821 1693 867 1748 ubi
880 1707 961 1749 serus

163 1790 253 1849 nullus
263 1803 314 1862 est,
328 1791 430 1849 hocest
444 1790 470 1847 in
483 1791 576 1862 spiritu
593 1790 692 1847 mentis
702 1803 767 1844 suae.
778 1785 832 1844 Cur
844 1802 909 1858 ergo
921 1787 961 1842 vir

164 1895 305 1960 propterca
320 1900 373 1939 non
387 1882 467 1947 debet
478 1889 559 1956 caput
574 1881 683 1950 velare,
698 1881 759 1952 quia
777 1879 865 1950 imago
878 1884 921 1934 est
932 1885 961 1936 et

163 1973 248 2047 gloria
262 1975 327 2042 bei;
342 1975 439 2032 mulier
452 1982 541 2030 auum
554 1973 649 2041 debet,
660 1971 726 2046 ‚quia
738 1972 824 2043 gloria
837 1970 888 2030 viri
900 1978 959 2039 eat,

164 2067 240 2144 quasi
255 2066 353 2126 mulier
365 2084 419 2126 non
447 2076 592 2128 renovetur
604 2068 700 2140 spiritu
715 2065 813 2126 mentis
825 2079 899 2132 suae,
914 2062 961 2135 qui

162 2170 306 2216 renovatur
319 2159 346 2216 in
359 2159 522 2231 agnitionem
531 2158 578 2216 Det
589 2155 736 2214 secundum
745 2155 891 2226 imaginem
902 2153 960 2225 ejus

162 2252 207 2324 qul
218 2251 319 2308 creavit
332 2247 424 2306 illumi
438 2249 491 2305 Sed
505 2247 566 2320 quia
581 2262 648 2304 sexu
661 2246 782 2321 corporis
796 2245 880 2302 distat
893 2242 960 2300 avi·

161 2358 211 2411 ro,
227 2344 279 2397 rite
300 2343 385 2411 potuit
398 2339 426 2397 in
448 2339 508 2410 ejus
527 2337 661 2410 corporali
679 2337 832 2392 velamento
851 2333 961 2408 figurari

161 2449 224 2506 pars
238 2431 283 2489 illa
298 2431 420 2497 rationis,
434 2446 495 2502 quae
507 2429 541 2487 ad
556 2428 713 2502 temporalia
726 2427 900 2500 gubernanda
911 2426 960 2484 dc·

161 2525 295 2594 llcctitur;
311 2531 406 2579 utnon
422 2530 531 2578 ruaneat
545 2519 633 2590 imago
647 2519 704 2587 bei,
723 2519 776 2576 nisi
788 2532 822 2577 ει
832 2533 884 2590 qua
899 2533 961 2588 par·

161 2623 188 2671 te
200 2631 277 2670 mens
288 2613 406 2669 bominis
417 2617 526 2673 aeternis
541 2609 692 2668 rationibus
706 2609 904 2682 'conspiciendis
919 2607 961 2664 vet

162 2703 333 2760 consulendis
347 2701 508 2760 adhaerescit
519 2703 542 2772 ¹,
553 2717 634 2776 quam
646 2717 701 2764 uon
712 2701 800 2760 sulum
814 2700 960 2769 mulus,

162 2796 209 2855 sed
224 2797 304 2852 etiam
317 2795 430 2852 leminas
442 2797 542 2854 babere
554 2795 726 2854 manitestnm
738 2803 790 2852 est.

196 2881 310 2940 CAPUT
327 2879 396 2937 llll.
406 2910 443 2921 -
453 2881 497 2937 15.
520 2877 640 2952 Deltesus
653 2878 684 2934 ub
695 2877 805 2955 imagine
817 2875 875 2934 bet.
888 2875 960 2950 Ergo

162 2975 190 3032 lu
203 2991 296 3030 eorum
311 2974 446 3030 mentibus
459 2971 610 3030 communis
621 2982 716 3028 natura
731 2970 919 3044 cognoscitur3
931 2969 961 3025 iu

163 3083 256 3124 eorum
268 3081 333 3123 vero
355 3065 511 3137 corporibus
527 3064 611 3136 ipsius
623 3063 703 3119 unius
718 3063 816 3120 mentis
830 3061 960 3121 distribu-

163 3156 201 3214 tlo
214 3155 352 3230 liguratur.
368 3155 582 3213 hscendentibus
596 3153 686 3227 itaque
705 3153 837 3210 introrsus
848 3153 960 3226 quibus·

162 3247 229 3305 dam,
250 3246 377 3320 gradibus
402 3246 626 3304 considerationis
650 3261 699 3319 per
722 3246 820 3301 animae
845 3253 958 3316 partes,

162 3341 234 3397 undc
254 3339 346 3412 incipit
365 3338 464 3411 aliquid
486 3351 648 3404 occurrere,
663 3335 735 3415 quod
752 3352 805 3395 non
827 3337 862 3394 sit
883 3337 961 3394 nobis

163 3445 303 3488 commune
318 3447 378 3487 cum
392 3429 505 3498 bestiis,
519 3429 582 3486 inde
597 3429 688 3500 incipit
707 3427 793 3498 ratio,
818 3427 865 3484 ubi
878 3427 961 3485 homo

162 3523 336 3597 interiorjam
349 3524 433 3596 possit
444 3521 621 3596 agnosci.Qni
631 3520 711 3578 etiam
724 3515 782 3592 ipse¹
794 3515 875 3591 siper
887 3519 960 3578 illam

163 3619 294 3676 rationein
309 3617 351 3675 cni
364 3615 550 3687 temporalium
565 3630 656 3670 rerum
674 3606 870 3675 administratio
883 3611 959 3670 dele·

162 3721 222 3785 gata
236 3721 297 3780 est,
321 3709 497 3767 immoderato
520 3720 664 3781 progressu
686 3705 807 3772 nimistu
826 3690 963 3762 exteriora

162 3800 321 3889 prolabitur,
334 3796 521 3858 consentiente
543 3797 594 3855 sibi
613 3797 700 3869 capite
714 3804 773 3865 suo,
788 3795 815 3853 id
830 3805 891 3864 cst,
905 3813 960 3854 non

162 3911 222 3954 eam
242 3892 385 3952 cohibente
402 3903 483 3965 atque
497 3891 651 3949 refrenante
670 3891 715 3948 illa
729 3907 789 3962 quae
804 3891 830 3946 iu
849 3889 957 3962 specula

162 3988 268 4048 consilii
281 3988 406 4059 praesidet
418 3985 494 4060 quasi
507 3984 575 4040 virili
590 3985 723 4056 portione,
737 3983 903 4040 invetemtur
915 3982 958 4038 in·

163 4088 203 4137 ter
217 4079 341 4136 inimicos
355 4093 417 4139 suos
428 4077 438 4150 (
449 4075 523 4132 Paul.
537 4091 581 4143 vr,
598 4072 635 4147 8)
648 4073 754 4130 virtutis
775 4072 880 4131 invidos
902 4072 960 4128 dse-

162 4186 257 4234 uvones
266 4188 327 4230 cum
342 4187 391 4228 suo
405 4169 526 4242 principe
537 4166 643 4224 diabolo
659 4185 667 4223 a
681 4176 898 4236 aeternorumquc
910 4165 956 4222 illa

163 4261 230 4320 visio
242 4263 347 4335 abipso
361 4261 441 4318 etiam
454 4260 542 4332 capite
557 4273 618 4315 cum
631 4256 745 4328 conjuge
757 4256 868 4313 vetitum
883 4271 960 4311 man·

163 4353 277 4412 ducante
295 4349 471 4416 subtrahitur,
494 4357 524 4406 ut
551 4349 640 4404 lumen
665 4346 804 4403 oculorum
824 4346 882 4417 ejus
904 4362 960 4402 non

163 4445 198 4501 sit
219 4460 281 4501 eum
306 4442 352 4500 illo
364 4439 454 4514 (Prot.
467 4428 579 4505 runnu,
595 4439 626 4495 tr
636 4441 667 4511 );
692 4454 723 4494 ac
739 4437 778 4494 sic
792 4437 826 4494 ab
841 4438 886 4494 illa
900 4437 961 4495 illu-

164 4539 293 4594 stratione
307 4534 426 4592 veritatis
439 4534 519 4588 ambo
532 4531 639 4600 nudati,
655 4540 738 4603 atque
755 4530 856 4600 apertis
873 4531 960 4598 oculis

164 4628 335 4686 conscientiae
346 4625 380 4683 ad
391 4625 534 4682 videndum
546 4639 626 4696 quam
639 4622 775 4680 inhonesti
789 4629 870 4693 atque
884 4621 961 4677 indc-

164 4723 220 4778 cori
242 4721 437 4788 remanserint,
454 4727 579 4790 tanquam
600 4713 663 4771 tolia
681 4715 798 4773 dulcium
813 4711 958 4781 lructuum,

164 4817 213 4880 sed
234 4816 293 4872 sine
310 4810 376 4886 ipsis
390 4809 539 4880 fructibus,
553 4808 590 4866 ita
609 4809 668 4867 sine
682 4808 769 4865 lructu
783 4807 849 4866 boui
870 4806 960 4878 operis

164 4905 235 4965 bona
256 4904 337 4962 verba
359 4895 522 4968 conterunt,
539 4911 568 4957 ιιι
578 4901 649 4958 male
664 4894 786 4957 viventes
800 4901 876 4972 quasi
891 4898 961 4956 bene

164 4994 300 5072 loquendo
313 4988 457 5069 contegant
470 4977 661 5065 turpitudinem
673 5007 748 5048 suam
764 4989 847 5064 (Gen.
864 4991 922 5061 ιιι).

199 5089 315 5148 utruu
329 5085 414 5146 lX.-
426 5082 470 5145 tt.
485 5085 604 5158 Sequitur
613 5084 645 5139 de
657 5085 742 5141 eodem
750 5082 962 5156 argumentoPo·

166 5191 287 5242 ιεειιιειιι
301 5181 400 5258 quippe
411 5196 487 5236 suam
500 5178 612 5248 diligens
622 5175 719 5243 anima,
732 5174 891 5232 acommuni
903 5174 961 5232 urri-

166 5292 244 5335 rereo
252 5276 287 5334 ad
295 5275 426 5347 privatam
436 5279 537 5346 partem
548 5269 708 5342 prolabitur:
722 5276 750 5326 et
761 5269 905 5339 apostatica
917 5269 961 5324 illa

167 5365 302 5439 superbia,
312 5363 383 5436 quod
397 5363 499 5418 initium
513 5360 608 5435 peccati
619 5360 716 5416 dicitur
730 5359 740 5431 (
753 5357 835 5414 Ereti.
849 5376 864 5414 r
876 5400 883 5427 ,
895 5358 959 5433 15),

168 5473 228 5520 tum
239 5460 265 5514 in
279 5455 450 5514 universitate
463 5465 593 5512 creaturae
607 5454 691 5509 iteum
705 5461 838 5510 rectorem
852 5461 959 5518 secuta,

168 5544 273 5627 legibus
288 5547 347 5622 ejus
361 5549 461 5618 optime
474 5543 617 5620 gubernari
632 5544 772 5616 potuisset,
786 5542 846 5614 plus
860 5539 962 5614 aliquid

201 5701 949 5768 ιιι.ειιιιι’.,1)1ιιιτ.Διιιιιιειιιεε.,ιιιιιειιι,·ιιιιιεὶιιιίιιε.

200 5771 212 5801 ¹
226 5767 378 5830 eductor,
389 5762 525 5817 edicunt.

820 289 923 357 LIBER
942 290 1162 354 bbouucttttts

1737 303 1808 362 10011

1018 409 1144 468 universe
1159 415 1306 481 appetem,
1321 417 1401 482 atque
1412 405 1441 467 id
1453 425 1501 468 sua
1513 410 1573 483 lege
1583 412 1732 484 gubernare
1745 434 1805 478 mos
1820 471 1826 488 ,
1844 419 1850 437 '

1016 501 1074 565 lita,
1083 500 1221 572 quianilail
1232 510 1273 558 est
1286 502 1400 573 amplius
1413 503 1596 570 universitate,
1606 504 1633 560 iu
1645 521 1736 564 curam
1747 525 1806 580 par.

1015 591 1090 650 tilem
1103 591 1230 660 truditur,
1251 599 1278 648 et
1300 593 1338 650 ric
1352 592 1452 664 aliquid
1465 595 1580 665 amptius
1592 599 1806 668 concupiscendo

1014 685 1158 751 minuimur
1167 685 1274 742 undeet
1287 687 1397 743 avaritia
1407 685 1589 746 dicitnrradiu
1601 665 1712 746 amatium
1724 691 1807 748 rivulo·

1013 791 1071 830 rum
1084 775 1113 846 (l
1126 775 1191 831 Tim.
1206 791 1243 845 vr,
1257 776 1306 850 10)
1319 795 1328 833 :
1341 787 1480 852 tutumque
1494 777 1558 834 illud
1570 779 1614 837 vibi
1629 781 1728 852 aliquid
1745 799 1808 854 pro·

1013 868 1100 939 prium
1112 875 1203 925 covvtra
1218 867 1299 939 leges,
1310 868 1405 939 quibus
1419 871 1579 928 universitas
1596 871 1806 944 administratur,

1014 973 1094 1030 agere
1104 960 1208 1026 nititur,
1219 974 1269 1030 per
1282 975 1380 1032 corpus
1393 964 1529 1034 proprium
1541 963 1625 1036 gerit,
1636 965 1707 1036 quod
1721 969 1807 1036 parti·
1827 989 1834 1002 ·

1014 1049 1076 1108 liter
1086 1053 1217 1122 possidct;
1229 1061 1308 1123 atque
1318 1054 1354 1108 ita
1365 1053 1491 1112 formiset
1500 1057 1615 1113 motibus
1624 1058 1808 1128 corporalibus

1014 1142 1158 1212 delectata,
1168 1143 1229 1215 quia
1240 1144 1311 1199 intus
1323 1159 1354 1200 ea
1369 1160 1460 1201 secum
1473 1161 1527 1202 nou
1538 1147 1704 1216 habet,oum
1714 1164 1807 1206 eorum

1013 1235 1189 1307 imaginibus,
1206 1250 1272 1307 quas
1285 1238 1421 1294 memoriae
1433 1237 1503 1308 hait,
1517 1239 1667 1307 involvitur,
1684 1249 1711 1296 et
1721 1241 1808 1313 phan-

1013 1327 1107 1384 tastica
1121 1325 1297 1384 fornicatione
1310 1329 1424 1399 turpiter
1435 1331 1599 1401 inquinatur,
1615 1333 1705 1387 omnia
1717 1330 1806 1389 othnia

1013 1435 1060 1478 sue
1071 1421 1104 1478 ad
1115 1435 1162 1478 eos
1175 1422 1244 1478 sines
1255 1421 1385 1492 reterens,
1395 1425 1489 1496 quibus
1496 1425 1602 1482 curiose
1614 1425 1762 1496 corporalia
1774 1439 1808 1482 ae

1014 1513 1169 1584 temporalia
1178 1514 1353 1585 percorports
1361 1528 1455 1571 sensus
1462 1516 1568 1585 querit,
1576 1523 1620 1570 aut
1628 1514 1730 1571 tumido
1737 1514 1808 1572 tastu

1012 1604 1072 1660 aliis
1080 1604 1176 1662 animis
1188 1605 1330 1676 corporeis
1338 1605 1463 1662 sensibus
1473 1605 1570 1662 deditis
1578 1619 1638 1662 esse
1648 1605 1809 1662 macutes·

1012 1697 1119 1766 celsior,
1126 1709 1172 1756 aut
1183 1713 1292 1756 coenoso
1305 1699 1408 1772 gurgite
1417 1698 1533 1756 carnalis
1543 1698 1686 1768 voluptatis
1698 1697 1807 1754 inme»

1011 1790 1094 1863 gitur.

1047 1880 1160 1939 CAPUT
1172 1880 1206 1937 K.
1217 1909 1253 1925 -
1266 1881 1309 1937 ut.
1325 1879 1429 1936 Gradus
1441 1879 1476 1934 cd
1491 1879 1648 1950 turpissimo.
1662 1877 1730 1934 Cum
1744 1891 1808 1949 ergo

1012 1975 1081 2031 bona
1096 1975 1232 2030 voluntate
1244 1973 1278 2028 ad
1292 1973 1422 2029 interiora
1435 1982 1464 2028 et
1474 1972 1612 2044 superiora
1625 1969 1807 2041 percipienda,

1012 2080 1072 2136 quae
1085 2079 1138 2119 non
1153 2064 1292 2136 privatim,
1309 2063 1357 2120 sed
1378 2061 1558 2119 communiter
1571 2061 1606 2118 ab
1624 2061 1749 2118 omuibus
1763 2060 1809 2131 qut

1012 2157 1076 2212 talia
1087 2155 1214 2226 diligunt,
1226 2155 1285 2211 sinc
1294 2155 1347 2210 nlla
1357 2154 1479 2226 angustia
1488 2153 1532 2210 rel
1545 2152 1644 2208 insidia
1659 2163 1734 2212 catto
1744 2165 1808 2222 poe·

1013 2250 1133 2307 sidentur
1147 2249 1281 2320 amplexu,
1292 2249 1336 2304 vel
1348 2249 1399 2304 sibi
1413 2248 1455 2304 vel
1469 2247 1529 2303 aliis
1542 2245 1674 2312 consulit;
1683 2243 1744 2301 etsi
1758 2242 1810 2300 lst-

1013 2341 1083 2398 latur
1095 2342 1121 2397 in
1133 2342 1223 2411 aliquo
1236 2355 1284 2411 per
1296 2339 1474 2411 ignorantiam
1487 2335 1690 2408 temporaltum,
1704 2333 1768 2405 quia
1779 2343 1807 2390 et

1012 2432 1064 2488 hoe
1078 2431 1262 2501 temporaliter
1272 2430 1359 2500 gerit,
1373 2437 1401 2486 et
1413 2427 1525 2484 modum
1536 2425 1633 2498 agend
1647 2440 1700 2482 non
1716 2431 1806 2480 teneat

1012 2539 1093 2596 quom
1106 2523 1235 2588 debebat,
1255 2523 1371 2578 hnmana
1386 2521 1498 2577 tenutis
1509 2527 1560 2576 est.
1575 2519 1609 2574 Et
1624 2531 1749 2588 niagnum
1766 2524 1809 2574 est

1012 2614 1082 2670 lranc
1102 2616 1184 2670 vitam
1199 2614 1239 2669 sic
1254 2613 1370 2684 degero,
1386 2627 1466 2684 quam
1486 2610 1561 2668 velut
1575 2610 1646 2668 viam
1663 2609 1808 2666 redeuutes

1012 2707 1164 2776 carpimus,
1180 2715 1210 2761 ut
1223 2705 1335 2760 tentum
1349 2719 1397 2760 nos
1411 2719 1464 2759 non
1484 2701 1668 2774 apprehendat
1688 2701 1738 2756 nisi
1758 2699 1809 2756 bu·

1012 2811 1090 2854 mana
1106 2794 1135 2867 (1
1145 2795 1204 2851 Cor.
1218 2809 1254 2862 ι,
1267 2793 1333 2869 ib).
1346 2795 1403 2850 lloc
1415 2794 1487 2850 enim
1503 2801 1642 2866 peccatum
1653 2801 1730 2850 extra
1742 2806 1806 2848 cor-

1012 2893 1132 2958 poseat,
1148 2901 1197 2942 nec
1208 2885 1380 2942 tomlcationi
1399 2885 1557 2956 deputatur,
1571 2893 1599 2942 et
1611 2894 1751 2957 propterea
1767 2883 1807 2938 la·

1013 2978 1111 3035 oillirne
1124 2979 1281 3050 ignoscitur.
1297 2979 1365 3034 Cum
1378 2991 1443 3034 aero
1454 2987 1564 3049 propter
1585 2975 1757 3047 adipiscenda
1775 2990 1808 3032 ea

1012 3085 1072 3144 que
1091 3086 1141 3144 per
1161 3085 1260 3144 corpus
1279 3071 1446 3138 sentiuntur,
1469 3078 1579 3140 propter
1595 3067 1751 3140 experiendi
1766 3067 1808 3124 vet

1012 3162 1161 3222 excellendi
1174 3163 1217 3219 vel
1231 3162 1416 3236 contrectandi
1429 3160 1618 3233 cupiditatem,
1634 3160 1702 3218 utin
1717 3158 1760 3216 bis
1776 3157 1808 3214 h-

1012 3269 1074 3313 trem
1090 3256 1153 3312 boni
1166 3255 1207 3312 sui
1223 3263 1320 3326 ponat,
1335 3254 1436 3324 aliquid
1448 3255 1519 3324 agit,
1535 3252 1646 3324 quiquid
1661 3253 1733 3324 agit,
1751 3260 1807 3308 tur·

1012 3347 1083 3419 piter
1095 3347 1166 3418 agit3
1182 3358 1209 3404 et
1222 3347 1370 3402 mentuunt
1382 3346 1409 3401 in
1422 3359 1520 3414 corpvs
1532 3345 1669 3414 proprium
1694 3357 1808 3413 peccaut

1013 3438 1073 3513 (dd.
1088 3455 1133 3507 vr,
1154 3437 1228 3511 18),
1241 3447 1469 3509 etcorporeamro
1480 3451 1571 3492 rerum
1596 3435 1701 3492 lallaeia
1726 3436 1808 3494 simu

1012 3530 1084 3588 laera
1103 3531 1235 3588 introrsus
1255 3529 1363 3600 rapiens
1379 3537 1407 3584 et
1419 3543 1486 3592 vana
1505 3528 1678 3584 meditatione
1692 3543 1806 3600 compo·

1012 3637 1096 3689 aens,
1112 3630 1142 3678 ut
1152 3621 1177 3678 ei
1187 3635 1238 3677 nee
1249 3621 1368 3678 divinum
1379 3619 1479 3692 aliquid
1494 3618 1545 3676 nisi
1558 3619 1627 3689 tale,
1650 3621 1771 3678 videatur
1782 3622 1804 3690 ¹,

1012 3713 1134 3786 privatim
1149 3726 1230 3768 avara
1241 3713 1341 3768 letatur
1352 3712 1502 3780 erroribus,
1517 3719 1545 3767 et
1557 3711 1680 3782 privatim
1694 3711 1806 3784 prodiga

1012 3804 1130 3861 inanitur
1139 3803 1241 3860 viribus
1254 3801 1304 3874 (a).
1317 3803 1371 3859 blec
1383 3803 1417 3859 ad
1437 3811 1491 3860 tam
1512 3811 1617 3874 turpem
1627 3811 1654 3858 et
1665 3803 1805 3862 miserabi-

1011 3895 1065 3952 lem
1077 3893 1281 3952 iornicationem
1295 3895 1396 3951 simul¹
1408 3897 1443 3950 ab
1452 3893 1567 3950 exordio
1578 3893 1731 3964 prosiliret:
1746 3894 1805 3960 sed,

1012 3987 1081 4044 siem
1096 3989 1227 4057 scriptum
1241 3995 1303 4054 est,
1317 3985 1369 4054 Qui
1381 3985 1481 4041 rmdrec
1493 3985 1606 4057 sperarit,
1621 3985 1745 4058 ριιιιιιιιιι
1759 3984 1807 4040 dc·

1012 4078 1078 4133 sidet
1089 4077 1099 4147 (
1109 4077 1194 4133 ticeli.
1210 4091 1273 4145 ιιι,
1284 4077 1298 4132 1
1310 4077 1330 4147 ).

1047 4168 1159 4226 CAPUT
1173 4168 1220 4224 xi.
1232 4197 1268 4213 ---
1282 4167 1325 4224 tt.
1341 4165 1432 4239 lungo
1445 4167 1548 4237 pecudia
1561 4167 1588 4224 t’n
1600 4167 1710 4222 homine.
1732 4164 1806 4234 Quo·

1012 4261 1093 4318 modo
1107 4261 1180 4318 eninr
1194 4261 1305 4318 coluber
1323 4267 1378 4316 rton
1389 4260 1489 4331 apertis
1500 4260 1641 4330 passibus,
1664 4258 1712 4316 sed
1723 4273 1807 4330 squu-

1012 4367 1116 4409 marum
1130 4353 1315 4410 minutissimis
1329 4352 1431 4409 nisibus
1443 4353 1529 4423 repit;
1551 4352 1590 4408 sic
1603 4350 1721 4409 labrluus
1742 4350 1809 4408 dell·

1012 4443 1100 4500 omndl
1112 4452 1201 4500 motus
1213 4443 1377 4514 negligentes
1391 4443 1541 4501 minutatim
1555 4451 1683 4514 occupat,
1699 4453 1726 4500 et
1739 4444 1808 4500 inci-

1011 4539 1115 4610 piensa
1129 4551 1255 4608 perverso
1269 4537 1385 4608 appetitu
1404 4537 1584 4593 similitudinis
1596 4536 1663 4604 liei,
1689 4538 1809 4606 pervenit

1012 4632 1045 4688 ad
1060 4631 1259 4687 similitudinem
1273 4643 1410 4701 pecorum.
1421 4629 1485 4686 toda
1494 4636 1537 4686 εει
1548 4629 1618 4700 quod
1633 4628 1723 4684 nudati
1740 4628 1808 4684 stola

1012 4717 1806 4796 prtmappellicesstunicasmortalitatemerueruntddenmt,

1012 4815 1072 4888 Ξι).
1084 4816 1176 4872 Honor
1187 4815 1260 4873 enim
1273 4815 1472 4872 hominisverus
1482 4822 1523 4870 est
1531 4814 1619 4884 imago
1626 4822 1653 4868 et
1662 4811 1807 4870 simitibrds

1012 4909 1071 4976 liei,
1082 4923 1142 4980 quae
1151 4922 1205 4965 ιιοιι
1216 4907 1421 4966 custodtturnisi
1433 4906 1466 4962 ad
1476 4907 1562 4977 ipsum
1571 4905 1582 4938 ⁸
1590 4918 1606 4960 a
1615 4919 1668 4976 quo
1680 4903 1807 4976 imprimi·

1013 5009 1066 5058 tur.
1076 5001 1163 5058 Tanto
1172 5003 1257 5073 magis
1266 5003 1355 5073 itaque
1369 4999 1514 5056 inhaeretur
1525 4999 1589 5065 beo,
1605 5007 1704 5069 quanto
1718 4998 1808 5054 minvs

1013 5091 1132 5163 diligitur
1146 5093 1293 5164 proprium.
1306 5090 1458 5162 Cupiditate
1469 5103 1534 5146 vero
1546 5087 1715 5160 experiendae
1729 5097 1809 5159 pote·

1014 5185 1090 5240 statis
1104 5199 1177 5253 sua,
1193 5183 1310 5256 quodam
1329 5191 1395 5238 nutu
1406 5195 1456 5237 suo
1467 5181 1502 5237 ad
1520 5195 1551 5238 ee
1571 5181 1658 5252 ipsum
1681 5189 1808 5252 tunquam

1014 5275 1048 5332 ad
1070 5275 1187 5332 medium
1202 5273 1314 5345 proruit.
1335 5271 1374 5328 tta
1388 5287 1448 5330 cum
1466 5273 1524 5328 vult
1538 5286 1598 5328 esse
1617 5271 1687 5328 aiom
1699 5271 1745 5328 ille
1758 5272 1810 5330 sub

1046 5387 1056 5421 ¹
1071 5395 1109 5438 ιι.
1121 5393 1147 5439 ει
1157 5395 1222 5448 tor,
1236 5391 1262 5436 ut
1274 5385 1352 5437 duco
1363 5383 1471 5438 diuinum
1488 5383 1580 5450 ntimdd
1591 5383 1694 5448 ειιιειιι,
1706 5381 1753 5436 ratri
1761 5384 1810 5436 tuis

1014 5448 1132 5504 ιιίιειιιιι.
1145 5447 1231 5500 trelius
1246 5455 1296 5496 ιιιι.
1309 5454 1336 5498 ει
1358 5455 1411 5500 uss.
1427 5449 1512 5508 verbo,
1525 5447 1629 5512 ριιιειι,
1641 5460 1673 5498 ex
1683 5453 1772 5508 iuncto,
1783 5451 1811 5498 vt

1014 5512 1092 5564 muer
1104 5507 1211 5562 diuitum
1221 5505 1254 5560 ult
1271 5507 1324 5568 trid,
1336 5502 1441 5560 trisitate
1461 5507 1552 5574 (idest,
1566 5506 1613 5560 uisi
1623 5522 1657 5574 qu
1701 5509 1754 5572 ejus
1763 5521 1810 5572 ge·

1015 5575 1133 5646 nerislcst
1143 5572 1175 5620 de
1186 5583 1235 5634 quo
1246 5523 1315 5633 dhoet)
1327 5565 1445 5620 niteatur.

1046 5638 1057 5671 ¹
1069 5641 1106 5686 sm
1116 5640 1166 5682 tm.
1178 5630 1295 5704 ειειιιιεε,
1307 5639 1361 5701 uss,
1372 5630 1483 5686 aurern
1495 5639 1600 5690 umbr-
1612 5637 1714 5694 otton,
1726 5629 1809 5684 ιειιιει.

1048 5691 1163 5757 ⁸nliquot
1172 5701 1237 5754 uss..
1246 5705 1294 5744 rurs
1307 5692 1338 5742 ob
1349 5705 1407 5757 apso.

1048 5755 1085 5820 (a)
1096 5760 1115 5804 lt
1126 5761 1303 5820 ιιειιιει.,ει)ι.
1316 5755 1356 5818 ts,
1367 5768 1392 5805 ιι.
1400 5757 1424 5808 5.
