4034 6334
272 222 321 282 tlt

271 337 350 405 vidit,
364 334 436 410 quod
447 334 472 393 si
483 334 614 404 dixisset,
627 335 812 406 incorruptibili
831 332 902 402 Deo,·
916 332 1065 406 responde·

271 441 346 490 retur
354 431 393 488 illi
407 429 478 503 quod
491 444 562 486 nunc
575 427 635 486 istis
647 428 762 486 dicimus
776 447 783 485 :
798 427 867 500 Quid
890 445 954 502 ergo
976 430 1066 485 incor-

270 522 390 597 ruptibili
404 521 460 579 ileo
479 521 580 579 lactura
603 529 661 578 erat
683 535 749 593 geos
762 521 942 588 tenebrarum,
965 523 988 579 si
1004 536 1066 578 eum

270 629 303 672 ea
313 629 432 686 pugnare
446 612 576 670 noluisset
585 613 597 668 l
606 613 662 686 ‚biit
683 613 705 668 si
723 613 790 669 iorte
802 611 946 670 mendosos
959 612 1067 670 codices

271 710 389 782 legent,
400 717 446 763 aut
455 707 506 763 iste
520 704 664 762 mendosus
673 713 714 762 est
724 704 768 762 ubi
783 719 832 761 nos
842 705 929 778 ipsum
939 705 1067 762 Adiman-

271 812 328 860 tum
343 799 474 873 legimns,
489 811 543 854 nou
557 806 598 854 est
611 796 709 853 diutius
722 797 755 853 de
779 813 808 854 re
827 795 907 852 dubia
928 797 1065 854 disseren-

270 894 334 950 dum
346 911 353 947 :
366 892 413 950 sed
425 892 481 962 jam
498 889 670 962 querendum
685 898 727 946 est
740 889 874 961 quomodo
892 898 920 946 et
933 889 1066 961 Propheta

270 985 368 1042 dixerit
379 983 478 1040 vidisse
490 997 520 1038 se
533 981 616 1037 Deum
633 980 739 1036 insede
756 979 902 1048 altissima,
919 989 947 1037 et
958 990 1067 1053 aposto·

270 1080 312 1136 lus
323 1077 523 1135 Paulusverum
534 1075 641 1141 dixerit,
656 1073 814 1130 invisibilem
824 1075 918 1131 ileum.
928 1075 1067 1146 Interrogo

269 1171 358 1243 itaque
382 1169 449 1225 istos
472 1173 561 1224 unum
584 1165 726 1223 inuisibilia
753 1165 856 1238 possint
880 1167 1007 1237 conspici.
1037 1165 1066 1221 Si

269 1260 361 1318 dicunt
374 1275 468 1333 posse;
485 1259 548 1331 oiiid
563 1273 628 1331 erpo
640 1259 845 1325 calumniantur,
861 1259 885 1314 si
898 1259 982 1316 ileum
993 1259 1066 1315 invi·

269 1353 373 1412 sibilem
389 1352 523 1425 Propheta
543 1351 702 1423 conspexit?
725 1351 754 1408 Sl
780 1362 870 1409 autem
897 1353 989 1410 dicunt
1012 1367 1068 1410 nou

270 1461 364 1518 posse;
377 1447 428 1517 ipsi
440 1446 569 1516 Apostolo
584 1444 896 1515 potiusealumnientur,
911 1446 935 1502 si
955 1447 1065 1516 audent,

268 1539 314 1611 qui
326 1539 364 1594 ait
377 1555 386 1595 ι
402 1536 545 1593 ιιιιιιιιιιία
557 1538 623 1592 enim
632 1536 689 1605 bet,
702 1539 902 1594 uconstitutione
912 1540 1011 1606 minucii,
1022 1557 1067 1615 per

267 1646 298 1686 eo
309 1645 367 1703 psas
379 1632 446 1704 [mlo
455 1639 523 1699 tent,
536 1628 664 1685 intellecto
679 1630 870 1702 conspiciuntur
881 1630 994 1705 (Rouni,
1004 1631 1077 1704 ab).

267 1720 405 1794 lpseenim
417 1721 485 1778 dixit
497 1736 557 1777 esse
581 1720 731 1788 inuisibilio;
744 1709 853 1792 ct'ipse
875 1737 967 1777 rursus
990 1721 1064 1793 dicit,

267 1815 466 1887 consmciontur.
480 1813 575 1870 Nonne
596 1813 640 1870 bic
653 1823 785 1884 eoguntur
806 1813 882 1870 lateri
903 1815 988 1870 oculis
1003 1830 1065 1871 cor-

268 1907 357 1977 porcis
369 1922 430 1964 esse
441 1906 595 1975 invisibilia,
609 1905 691 1962 menti
716 1920 779 1962 vero
794 1919 855 1961 csse
873 1904 988 1962 visibilia
998 1907 1010 1960 ‘l
1020 1905 1067 1962 Sic

266 1996 347 2070 igitur
366 2005 394 2054 et
407 1997 540 2068 Propheta
553 1997 654 2064 ιιεειιι,
672 1996 718 2067 qui
732 1995 906 2065 corporaliter
925 1995 1066 2052 invisibilis

269 2097 319 2155 est,
332 2102 386 2145 non
399 2087 584 2158 corporaliter,
600 2085 648 2142 sed
662 2085 837 2156 spiritualiter
847 2085 922 2141 vidit.

299 2179 329 2236 a.
348 2179 415 2235 Nam
425 2178 507 2235 multa
520 2193 619 2250 genera
636 2174 746 2233 visionis
759 2177 786 2232 iu
801 2176 945 2248 Scripturis
966 2179 1066 2235 sanctis

266 2270 447 2326 inveniuntur.
461 2267 560 2336 Urium,
575 2267 721 2326 seeundum
737 2267 829 2324 oculos
843 2269 965 2339 corporis
976 2286 983 2328 ;
994 2270 1067 2326 εἰεει

172 2353 176 2362 ’
267 2361 331 2418 uidit
349 2359 483 2419 Abrabam
498 2367 555 2416 tres
575 2361 646 2415 viros
670 2358 720 2416 sub
735 2360 797 2416 ilice
814 2359 932 2416 llambre
947 2359 957 2435 l
973 2359 1064 2418 Genea.

266 2469 341 2523 arrii,
356 2454 396 2527 l),
410 2453 551 2526 etlioyses
564 2455 653 2524 ignem
668 2453 695 2507 in
722 2452 790 2508 rubo
802 2451 906 2524 (Eood.
920 2468 957 2522 in,
972 2453 1022 2524 ι),
1038 2463 1067 2512 ει

265 2544 388 2617 discipuli
415 2546 632 2616 transfiguratum
655 2543 798 2599 lloroluum
824 2544 851 2598 in
875 2554 967 2600 moute
995 2545 1066 2601 inter

265 2625 375 2709 lloysen
384 2635 503 2692 etliliam
514 2635 622 2707 (Metti.
635 2635 736 2704 sitifi,
752 2632 780 2706 ll)
794 2654 800 2691 :
813 2643 841 2691 et
855 2645 952 2692 caetera
973 2637 1067 2707 buius·

264 2726 348 2783 modi.
363 2726 496 2796 Alterum,
513 2725 660 2783 seeundum
683 2726 755 2796 quod
774 2727 950 2796 imaginamur
959 2741 991 2782 ea
1005 2742 1066 2799 quoe

264 2833 425 2891 percorpus
447 2819 578 2876 sentimus
593 2837 599 2871 :
614 2833 676 2872 nam
696 2827 723 2873 et
743 2831 807 2887 pars
822 2815 879 2888 ipsa
892 2825 983 2873 nostra
1003 2833 1066 2874 cum

265 2911 393 2969 divinitus
402 2911 557 2977 assumitur,
574 2910 656 2966 molta
670 2908 835 2976 revelantur,
848 2925 901 2966 uon
913 2925 961 2980 per
972 2911 1065 2966 oculos

265 3005 396 3077 eorporis,
419 3012 465 3059 aut
481 3017 578 3070 aures,
596 3003 711 3058 aliumve
725 3009 832 3059 stisiim
846 3001 1001 3070 carnalem;
1016 3001 1066 3057 sed

267 3105 355 3152 tannen
382 3094 424 3151 bis
438 3093 547 3162 siinilia,
571 3094 641 3150 sieut
662 3093 730 3148 vidit
750 3093 847 3149 Petrus
871 3091 975 3149 discunt
988 3093 1065 3148 illum

266 3189 386 3246 submitti
399 3203 416 3245 e
427 3187 497 3246 coelo
510 3202 570 3244 euni
584 3187 665 3242 variis
681 3184 842 3242 animalibus
856 3185 925 3260 (Act.
934 3203 971 3252 xi,
984 3186 1012 3254 5,
1024 3186 1064 3258 o).

266 3281 304 3338 lia
317 3282 369 3337 boc
382 3295 483 3353 genere
507 3289 548 3337 est
566 3281 646 3335 etianr
662 3278 732 3335 istud
753 3278 843 3348 isaim,
862 3277 932 3350 quod
956 3279 1065 3349 imperi·

264 3372 368 3430 tissime
381 3373 454 3443 impii
468 3370 679 3444 reprehendunt.
703 3371 762 3427 lion
784 3373 856 3426 enim
876 3371 961 3428 Deum
980 3373 1065 3428 loriua

265 3463 1063 3538 corporeaclroumierminaizseuquerimomodumrigursoe,

267 3571 320 3613 non
333 3556 450 3629 proprie,
466 3557 549 3613 multa
560 3557 701 3622 dieuntur;
717 3558 840 3612 itactiam
856 3555 968 3626 ligurotc
980 3555 1064 3611 inulta

695 215 832 278 CONTRA
851 215 1054 275 Abinndttlll
1067 213 1248 280 albicant
1263 215 1478 279 otsmebbbtt.
1494 215 1498 220 ’

1120 340 1161 389 cte
1174 345 1243 404 sunt,
1258 337 1384 412 intellecto
1404 338 1604 419 conspiciantur.
1626 339 1682 416 liae
1690 339 1794 398 visione
1806 339 1907 398 videtur

1119 425 1200 496 iletre,
1215 444 1275 484 cum
1289 443 1337 501 per
1355 430 1480 504 pietatem
1492 429 1554 487 lidei
1574 442 1601 488 et
1623 448 1672 506 per
1682 433 1844 504 agnitionem
1865 433 1907 492 llei

1119 534 1224 576 morum
1239 521 1399 599 optimorum
1413 522 1494 579 corda
1507 523 1677 581 mundantur.
1690 524 1758 594 Quid
1769 527 1839 581 enim
1851 543 1908 601 pro·
1926 581 1930 587 .

1120 610 1169 668 luit
1191 613 1342 671 balthasari
1359 616 1426 690 regi,
1441 615 1514 690 quod
1531 631 1640 674 manum
1661 617 1823 676 scribentem
1850 627 1908 677 ante

1119 706 1213 762 oculos
1234 722 1297 763 suos
1317 709 1344 764 in
1370 707 1472 782 pariete
1493 709 1654 780 conspexit
1673 709 1721 765 (ιιι
1734 709 1830 766 visioni
1851 713 1909 786 qiila

1120 812 1174 853 non
1187 800 1272 870 potuit
1285 799 1432 874 adjungere
1452 801 1548 856 mentis
1558 809 1705 873 aspectum,
1715 802 1850 875 querebat
1863 805 1908 860 ad·

1120 887 1173 946 buo
1187 890 1277 947 videre
1290 892 1361 963 qiiod
1375 893 1488 949 viderat.
1496 893 1554 950 Tali
1562 903 1650 950 antem
1663 895 1719 950 acie
1733 896 1850 966 luminis,
1861 914 1910 968 qua

1120 981 1169 1037 ista
1184 983 1381 1066 intelliguntur,
1397 985 1488 1041 Daniel
1501 985 1627 1059 praeditus
1636 1029 1644 1053 ,
1653 995 1744 1061 niente
1756 989 1830 1056 vidit,
1841 991 1909 1061 quod

1120 1076 1165 1134 ille
1177 1078 1279 1135 viderat
1290 1094 1403 1154 corpore
1417 1078 1496 1152 (Deo.
1509 1080 1549 1151 v).
1559 1079 1662 1136 Riirsus
1674 1081 1718 1136 illa
1733 1092 1808 1161 parte
1819 1083 1908 1152 aiiinii,

1120 1183 1179 1241 quae
1191 1169 1319 1242 imagines
1332 1186 1474 1244 corporum
1494 1173 1573 1245 capit,
1589 1172 1655 1229 vidit
1673 1175 1805 1230 somnium
1825 1173 1912 1231 Nabu-

1120 1257 1290 1317 chodonosor
1303 1277 1350 1318 rex
1364 1279 1372 1321 ε
1386 1270 1413 1318 ει
1424 1263 1551 1334 quoniam
1578 1278 1631 1319 riou
1652 1263 1768 1321 babebat
1787 1263 1911 1322 idoneum

1120 1349 1226 1425 oculum
1240 1354 1339 1410 mentis
1358 1353 1393 1409 ad
1408 1354 1654 1412 meliusvidenduru
1672 1355 1744 1428 quod
1754 1355 1872 1424 viderat,
1886 1358 1913 1416 id

1120 1448 1180 1509 est,
1194 1442 1228 1498 ad
1252 1443 1453 1516 intelligendum
1468 1446 1539 1518 qiiod
1557 1446 1675 1514 viderat,
1689 1447 1748 1504 ideo
1771 1448 1805 1504 ad
1830 1449 1913 1506 inter·

1119 1533 1279 1603 poetandum
1293 1535 1379 1593 visum
1394 1554 1482 1606 suuni,
1495 1547 1633 1612 aspectum
1647 1540 1768 1612 quaesivit
1784 1541 1912 1611 alienum,

1119 1626 1238 1695 ejusdcm
1261 1629 1362 1686 scilieet
1387 1631 1503 1687 Danielis
1525 1651 1532 1690 e
1554 1634 1596 1688 cui
1615 1641 1704 1689 amen
1731 1635 1861 1709 aperienti
1886 1641 1915 1692 ut

1119 1728 1220 1776 certain
1238 1722 1453 1781 accommodaret
1467 1725 1546 1784 iidem
1558 1768 1564 1791 ‚
1578 1726 1658 1781 etiam
1679 1727 1764 1798 ipsum
1779 1728 1915 1786 somnium

1119 1824 1149 1871 ut
1162 1814 1214 1871 sibi
1227 1815 1360 1872 diceretur
1378 1817 1478 1886 exegit.
1493 1817 1586 1872 [leonici
1600 1826 1689 1872 autem
1702 1818 1839 1874 revelante
1853 1834 1915 1874 saii-

1119 1914 1162 1962 eto
1172 1907 1218 1960 llei
1229 1907 1340 1980 Spiritu,
1350 1908 1450 1978 etquid
1464 1907 1511 1965 ille
1521 1907 1630 1964 vidisset
1643 1907 1779 1964 insomnis
1790 1924 1822 1964 ea
1840 1919 1917 1980 parte

1119 1997 1186 2054 vidit
1206 2013 1257 2068 qua
1271 2013 1414 2069 corporum
1427 1999 1569 2070 capiuntur
1590 2000 1727 2072 imagines,
1742 2008 1771 2055 et
1795 2000 1861 2072 quid
1877 2002 1916 2056 si·

1119 2089 1258 2162 pulicaret
1285 2099 1375 2145 meute
1395 2091 1535 2162 conspexit
1549 2089 1604 2163 (id.
1616 2089 1658 2164 n).
1683 2091 1740 2146 Non
1759 2099 1801 2148 est
1824 2104 1918 2150 autern

1119 2181 1247 2255 propbeta
1261 2185 1318 2239 veri
1332 2183 1379 2238 ilci
1391 2193 1419 2239 ει
1430 2184 1536 2250 summi,
1547 2184 1593 2258 oui
1607 2185 1696 2243 oblata
1706 2183 1835 2240 divinitus
1847 2186 1917 2254 visa,

1119 2276 1161 2332 vel
1173 2277 1231 2332 solo
1243 2293 1376 2348 corpore,
1392 2277 1435 2334 vel
1449 2278 1529 2333 etiam
1552 2277 1596 2333 illa
1615 2287 1692 2348 parte
1716 2278 1826 2350 spiritus
1842 2279 1918 2337 videt

1119 2373 1169 2430 qua
1184 2374 1326 2428 corporum
1340 2359 1481 2429 capiuntur
1501 2359 1631 2429 imagines
1644 2399 1652 2425 ,
1663 2367 1691 2414 et
1704 2368 1793 2414 mente
1809 2374 1864 2415 non
1881 2363 1918 2416 vi·

1119 2451 1174 2506 det.
1188 2450 1241 2508 Sed
1256 2451 1413 2522 plerumque
1423 2451 1451 2506 in
1464 2449 1610 2521 Scripturis
1622 2451 1662 2506 sic
1674 2443 1759 2525 posita
1774 2451 1920 2508 inueniun-

1120 2549 1172 2607 tur,
1187 2541 1411 2612 quemadmodum
1427 2543 1483 2597 visa
1497 2550 1569 2608 sviut,
1580 2543 1722 2598 nunctiam
1736 2545 1919 2614 quemadnio·

1119 2632 1182 2688 dum
1204 2632 1338 2689 intellecta
1363 2639 1486 2700 sunt3ut
1509 2633 1607 2689 mentis
1630 2633 1708 2700 visio,
1722 2633 1749 2689 iu
1770 2650 1826 2708 qua
1848 2644 1921 2694 tolus

1119 2727 1220 2783 fructus
1235 2738 1286 2793 est,
1299 2725 1457 2782 exercendis
1471 2727 1616 2782 lectoribus
1629 2737 1791 2783 servaretur.
1819 2729 1875 2785 Sed
1887 2746 1921 2786 ex

1118 2819 1210 2874 multis
1223 2834 1283 2888 quae
1297 2827 1389 2889 aperte
1413 2827 1476 2873 sunt
1499 2821 1610 2890 scripto,
1628 2817 1826 2881 manifestatur,
1841 2821 1922 2879 nobis

1119 2909 1253 2980 quomodo
1267 2909 1311 2964 illa
1325 2909 1527 2978 intellexerint,
1548 2925 1608 2980 quae
1624 2910 1663 2966 sic
1678 2910 1703 2965 in
1726 2910 1805 2966 libris
1820 2927 1923 2982 posue·

1119 3013 1192 3069 runt,
1208 3001 1342 3074 quomodo
1367 3001 1478 3072 figurate
1499 3001 1552 3057 illis
1572 3001 1754 3058 demonstrata
1778 3011 1856 3060 srint.
1880 3005 1925 3062 ild

1118 3096 1172 3151 duo
1185 3096 1256 3150 enirn
1275 3109 1374 3166 geriem
1388 3094 1432 3149 illa
1445 3095 1556 3151 visionis
1578 3096 1711 3166 pertinent
1734 3095 1862 3168 figuratae
1875 3098 1927 3155 de·

1118 3187 1382 3244 monistiationes2ad
1396 3188 1496 3243 menda
1507 3197 1607 3255 nutem,
1622 3187 1649 3243 id
1659 3196 1710 3255 est,
1720 3187 1753 3243 ad
1764 3186 1925 3261 intelligen-

1117 3280 1214 3352 gentioe
1228 3279 1359 3335 visionem
1373 3279 1487 3350 simplex
1496 3288 1525 3334 et
1534 3279 1642 3350 propria
1657 3280 1774 3350 pertinet
1790 3283 1927 3339 revelatio

1117 3388 1208 3432 rerum
1229 3372 1424 3428 intellectarum
1442 3379 1523 3442 atqire
1540 3379 1684 3428 certarum.
1710 3371 1811 3430 (liriuia
1832 3385 1927 3432 wmen

1118 3466 1176 3522 baec
1189 3481 1288 3537 genera
1309 3464 1430 3520 mirilicis
1444 3475 1471 3521 et
1492 3463 1671 3521 ineffabilibus
1683 3465 1928 3526 distributionibus

1118 3560 1228 3617 exbibet
1242 3568 1322 3630 atquc
1336 3557 1490 3615 moderatur
1498 3557 1611 3631 Spiritus
1625 3570 1732 3615 sanetus
1745 3576 1868 3618 summae
1882 3563 1928 3618 in·

265 3657 459 3704 monstrantur.
474 3648 594 3704 Tertium
616 3656 705 3704 autern
722 3663 808 3720 genus
828 3647 940 3703 visionis
958 3657 1000 3703 est
1019 3663 1064 3703 se·
1117 3651 1366 3721 commutabilisque
1385 3650 1533 3720 sapientiae.
1549 3649 1603 3707 Sed
1624 3651 1667 3706 isti
1685 3651 1777 3706 miseri
1794 3664 1864 3708 snut
1881 3653 1931 3724 qui

265 3739 381 3796 cundum
404 3741 503 3798 mentis
517 3741 653 3808 intuitum,
667 3756 720 3810 quo
742 3739 875 3796 intellecta
896 3737 1065 3810 conspiciun·
1117 3741 1313 3798 calumniantur
1330 3741 1471 3812 eruptione
1490 3741 1589 3800 dicenti
1607 3742 1678 3814 quod
1698 3743 1785 3798 ileum
1800 3745 1928 3814 viderit,

265 3843 310 3891 tur
318 3837 417 3892 veritas
434 3844 514 3907 atque
528 3836 657 3907 sapientia
671 3851 678 3889 ι
692 3837 750 3892 ειηε
774 3850 827 3907 quo
843 3851 941 3908 genere
952 3835 997 3893 illa
1011 3836 1064 3893 duo
1117 3832 1275 3904 objicientes
1296 3832 1471 3903 apostolicam
1496 3835 1672 3903 sententiam,
1686 3833 1731 3902 ubi
1752 3835 1933 3893 invisibilem

265 3943 325 3999 que
338 3927 412 4000 prius
425 3927 513 3999 posui,
533 3928 575 3982 vel
596 3927 759 3983 iulructuosa
779 3936 851 3997 sunt,
869 3929 911 3983 vel
937 3927 1017 3983 etlam
1035 3928 1065 3986 in
1117 3925 1194 3982 dixit.
1216 3927 1245 3983 si
1268 3927 1340 3982 enirn
1360 3925 1429 3982 alter
1442 3925 1551 3997 objiciat
1575 3926 1637 3982 truie
1657 3925 1812 3997 apostolico
1842 3931 1932 3985 rerbo

264 4034 383 4076 errorem
398 4019 515 4075 mittunt.
535 4018 603 4074 Cum
617 4019 688 4073 enim
706 4033 748 4087 ea,
768 4033 827 4088 quoe
842 4019 898 4074 sive
921 4021 1059 4090 corporeis
1117 4016 1297 4088 evangelicum
1312 4015 1432 4085 verbum,
1447 4030 1501 4088 quo
1512 4015 1640 4072 [lominus
1652 4019 1700 4082 ait,
1727 4015 1809 4074 ilenti
1835 4019 1935 4074 niniveli

265 4112 405 4181 sensibus,
421 4113 477 4168 slve
498 4111 537 4168 illi
557 4113 626 4184 parti
642 4111 738 4166 animae
750 4125 810 4182 quae
823 4112 1064 4182 corporaliumne-
1117 4111 1221 4174 cordes,
1232 4109 1352 4180 quoniam
1372 4109 1423 4179 ipsi
1444 4109 1526 4164 Deam
1547 4108 1687 4183 videbunt(
1703 4107 1805 4166 Maia.
1824 4128 1854 4178 v,
1871 4115 1931 4186 8);

176 4228 178 4236 1
264 4201 967 4276 ruminragineseapitdivluitusdemonstrantur,uou
977 4205 1064 4260 solum
1117 4201 1250 4274 quomodo
1263 4201 1461 4270 respondebunt
1472 4216 1553 4271 posse
1566 4201 1725 4256 invisibilem
1737 4203 1832 4261 videri
1841 4209 1855 4259 ι
1864 4207 1936 4262 ller-

265 4295 417 4351 sentiuntur
430 4293 473 4350 liis
487 4295 584 4361 modis,
600 4294 648 4349 sed
666 4295 748 4350 etium
761 4302 852 4352 mente
867 4293 1062 4366 intelliguntur,
1117 4294 1152 4351 bo
1164 4295 1235 4350 euim
1261 4302 1387 4364 premunt
1408 4292 1556 4362 imperitus,
1573 4301 1601 4347 et
1621 4299 1753 4362 quatenus
1774 4294 1935 4355 invisibilis

265 4393 329 4444 turio
340 4394 382 4442 est
394 4386 510 4458 perlecta
521 4386 659 4442 revelatio.
675 4387 714 4442 lix
728 4385 780 4442 boc
805 4388 883 4443 tertio
904 4401 1002 4458 genere
1022 4397 1065 4445 est
1116 4387 1187 4441 Deus
1208 4385 1294 4442 dictus
1315 4385 1368 4452 sit,
1381 4384 1433 4440 etsi
1455 4392 1635 4455 cognoscunt,
1656 4387 1786 4455 cognosci
1815 4390 1935 4446 timent.

264 4475 333 4532 visio
346 4477 390 4532 illa
406 4492 483 4547 quom
494 4476 701 4532 commemorari
713 4517 721 4542 ,
734 4477 840 4534 dicente
861 4479 999 4550 llpostolo,
1012 4478 1062 4534 lu·
1116 4477 1201 4534 'latita
1210 4486 1252 4533 est
1263 4477 1396 4549 pernicies
1407 4477 1621 4549 auimorom‚qui
1633 4491 1694 4535 cum
1707 4480 1825 4539 rincerc
1839 4485 1937 4540 bumi-

201 4551 206 4562 ’
266 4567 374 4624 visibilia
387 4569 453 4623 enim
466 4568 523 4638 Dei,
537 4585 554 4623 o
567 4569 745 4624 constitutione
756 4569 853 4636 usundi,
862 4586 906 4642 pei·
914 4587 943 4626 eo
955 4587 1013 4642 quos
1021 4575 1063 4642 fo·
1116 4585 1179 4628 nem
1190 4571 1283 4627 volunt
1294 4611 1302 4639 ,
1315 4570 1350 4628 ab
1362 4585 1455 4628 errore
1468 4570 1620 4629 vincuntur.

279 4755 1941 4819 *m

857 4925 899 4988 IN
926 4923 1174 5000 SUBSEQUENS
1196 4923 1309 5004 orba,

269 5103 413 5168 Videlib.
426 5101 458 5180 2,
470 5119 539 5185 cop.
551 5099 583 5179 2,
598 5097 886 5172 iletraoialionnm,
900 5103 973 5160 tom.
991 5095 1021 5172 1,
1037 5095 1097 5160 ool.
1112 5096 1185 5174 631,
1202 5097 1343 5170 combis,
1365 5099 1464 5163 Liber
1479 5053 1593 5162 contra
1614 5099 1804 5179 Epistulam
1818 5104 1941 5170 Marii.

641 5181 720 5246 eliel
736 5177 793 5262 (ol,
810 5197 905 5260 usque
919 5177 1073 5250 aduersu,
1088 5179 1196 5244 Unum
1210 5198 1321 5244 verum
1333 5182 1449 5244 Deum.
1491 5180 1535 5244 ιι.

296 5353 333 5418 (α)
345 5352 442 5403 Libnnn
451 5351 516 5404 bunc
527 5363 591 5402 anno
600 5349 648 5406 596
658 5347 755 5400 antidi
766 5346 882 5409 scriptum
893 5346 1054 5410 intelligimus
1070 5359 1103 5399 ex
1114 5350 1315 5400 benamadonum
1331 5347 1408 5407 serie,
1417 5348 1443 5398 ln
1453 5358 1502 5412 oria
1517 5353 1572 5412 post
1582 5347 1660 5398 libros
1675 5348 1705 5399 ad
1721 5350 1941 5420 simplicianum,

265 5415 484 5490 qmslbugustiuus
500 5412 643 5488 iuuexordio
653 5411 691 5462 sul
708 5409 958 5484 episcopatusledidit,
971 5412 1082 5484 piroxime
1098 5409 1238 5460 collocatur.
1258 5418 1330 5460 norro
1340 5422 1372 5458 ex
1385 5409 1471 5484 cadem
1491 5409 1611 5460 staoicbaei
1622 5411 1733 5526 offilo,
1758 5418 1845 5494 cuijus
1861 5419 1944 5470 isthic

264 5490 380 5541 pnnetpra
389 5476 559 5540 reprehendit,
571 5474 733 5539 lmgmeutnm
743 5483 858 5536 reperies
867 5471 938 5534 iulia,
950 5486 975 5522 iu
987 5470 1090 5523 librode
1099 5479 1185 5522 bantra
1195 5472 1261 5532 boul,
1272 5483 1325 5535 esp.
1336 5471 1378 5534 ld,
1387 5478 1414 5525 et
1423 5471 1471 5524 aba
1480 5471 1593 5536 quedam
1601 5473 1627 5523 in
1713 5473 1749 5524 de
1761 5477 1833 5530 bade
1845 5489 1945 5538 mutos

264 5540 413 5602 aaoicbaeos,
424 5553 492 5604 eapp.
503 5539 553 5601 ιιι
566 5538 639 5590 ειιι.

932 5643 1247 5718 ‹mom›
