4034 6334
304 363 358 424 255

302 484 337 541 tle
347 482 418 542 taur
432 498 489 548 ruo,
502 497 544 554 qut
555 483 637 554 {aetus
650 488 685 535 est
696 479 718 534 ei
730 461 861 535 exterritis
870 474 1096 533 Oauidteounalurn

305 591 407 630 carnem
422 574 511 646 (Rana.
534 588 553 640 r,
569 571 639 642 Νι).
660 569 729 638 Quid
748 569 805 625 uult
818 568 951 641 amplius?
962 567 1021 626 Nisi
1044 565 1099 622 lor·

304 672 331 719 tc
347 661 439 720 hocde
449 664 507 718 aliis
520 663 652 733 aliquibus
662 659 873 732 Prophetis,non
885 659 921 717 de
932 659 1031 718 nostris
1045 658 1098 715 lle·

304 751 384 810 bracis
396 752 496 809 dietum
507 751 573 808 relit
587 750 713 822 intelligi?
727 748 780 808 Sed
793 765 944 822 quanquam
956 764 1006 822 per
1017 763 1098 821 quos·

305 839 372 898 libet
392 841 491 900 dictum
511 842 560 909 sit,
584 840 619 897 de
631 840 677 897 illo
689 849 777 898 tamen
792 840 860 899 Filio
874 841 921 898 liei
936 840 1097 912 promissum

211 945 215 954 ’
306 933 542 1007 esturangeliom,
556 933 602 1006 qui
616 931 702 989 iactus
722 942 764 990 cst
784 933 810 989 ei
833 948 868 989 ex
888 933 991 990 semine
1013 928 1097 988 Dauid

302 1025 450 1082 seeundum
463 1038 590 1093 caruem;
606 1024 632 1080 iu
645 1024 717 1096 quod
737 1024 908 1098 Euangelium
927 1033 1096 1098 segregatum

302 1132 334 1174 se
345 1117 411 1173 dicit
424 1116 568 1189 Apostolus
582 1136 589 1175 ι,
602 1117 714 1186 istorum
739 1127 829 1176 ιιιιιιιι
851 1117 971 1190 perlidiae
989 1117 1098 1172 boc-sit

302 1209 484 1277 contrarium,
504 1209 576 1282 quod
591 1207 738 1266 secundum
757 1208 809 1266 hoc
821 1207 995 1280 Euangelium
1008 1206 1097 1265 credi·

302 1321 361 1361 rurus
376 1303 473 1362 Filium
492 1303 540 1360 liei
560 1302 658 1360 laetum
671 1317 707 1360 ex
721 1302 825 1360 semine
844 1300 928 1360 liarid
946 1299 1095 1356 secundum

303 1410 430 1463 caruem;
447 1405 536 1452 tamen
549 1393 681 1466 apertiora
694 1401 864 1464 cognoscant,
875 1392 974 1464 quibus
987 1391 1096 1449 evitet·

301 1487 434 1544 tissimum
452 1486 592 1560 Prophetis
606 1485 726 1542 llebrceis
738 1485 920 1542 testimonium
938 1485 1096 1556 perhibetur

301 1591 351 1648 per
364 1592 426 1633 eum
439 1576 616 1648 Apostolum,
640 1575 717 1649 cujus
736 1573 896 1634 auctoritato
918 1573 1096 1648 superborum

301 1669 415 1725 istorum
429 1667 498 1724 eolla
512 1667 676 1740 irrugantur.

339 1757 454 1817 CAPUT
470 1757 514 1818 lli.
527 1787 564 1801 -·
580 1756 726 1824 leututou,
742 1757 841 1836 inquit,
860 1755 917 1812 dico
930 1757 957 1812 iu
969 1753 1093 1823 Christo,

303 1867 356 1908 uon
364 1851 481 1920 utentior,
490 1859 643 1908 contestante
654 1851 717 1906 mibi
725 1849 877 1906 conscientia
889 1865 944 1904 mea
953 1849 980 1906 in
991 1848 1092 1921 Spiritu

303 1953 402 2014 murto,
417 1946 477 2017 quia
489 1945 591 2001 tristitie
608 1955 643 2000 est
655 1945 718 1999 neila
730 1960 833 2016 aarum,
847 1951 870 1999 et
880 1943 1013 2010 eruuntur
1021 1941 1097 1999 delur

304 2037 377 2092 cordi
391 2053 456 2093 nreo.
472 2035 597 2108 Optubnut
615 2037 682 2092 enirn
707 2051 753 2108 epo
775 2035 831 2106 ipse
853 2033 987 2089 anathemo
1004 2049 1059 2089 etue
1078 2049 1097 2088 u

303 2129 403 2186 Christo
415 2147 461 2200 pro
475 2129 595 2202 [ratribus
607 2131 687 2196 meir,
701 2129 815 2203 coquetis
833 2128 971 2208 teramduru
982 2143 1095 2196 runnu,

301 2223 346 2290 qui
368 2231 428 2279 tunt
449 2221 586 2291 israelite,
601 2239 709 2294 qaorum
722 2230 759 2277 est
772 2221 894 2294 adoptio,
907 2231 931 2278 et
943 2220 1027 2293 pluria
1042 2260 1050 2287 ,
1072 2228 1097 2275 et

301 2309 472 2382 Teutonorum,
488 2323 513 2369 et
526 2313 601 2386 Cepit
614 2312 771 2379 constitutio,
786 2321 810 2367 et
824 2312 986 2384 obsequium,
997 2319 1022 2366 et
1032 2327 1095 2382 pro·

300 2405 453 2474 misticum
470 2421 577 2478 quarunt
595 2414 679 2478 patret
690 2413 714 2460 et
726 2403 856 2476 euquibut
869 2401 986 2460 Christus
1007 2417 1097 2458 toeun·

301 2497 492 2562 duutcorneut,
515 2497 558 2567 qui
576 2505 612 2552 est
627 2511 703 2570 suuper
723 2495 810 2551 omnia
827 2492 897 2550 Deua
910 2493 1053 2550 benedictus
1069 2495 1096 2548 iu

299 2587 395 2644 urata
405 2586 462 2660 (ht.
478 2603 521 2656 rx,
540 2586 612 2660 l-bl.
625 2585 695 2655 Quitl
718 2593 807 2658 potest
826 2584 1005 2641 abundantius
1021 2583 1094 2651 dici,

300 2679 364 2750 quid
372 2680 526 2751 expressius
535 2678 676 2746 declarari,
687 2678 750 2750 quid
760 2677 879 2734 sanctius
889 2676 1095 2732 commendari!

301 2771 368 2838 Quae
390 2777 433 2827 est
453 2771 525 2826 enirn
545 2769 653 2842 adoptio
668 2770 860 2838 israelitarum,
874 2769 924 2825 nisi
939 2783 987 2840 per
998 2769 1095 2826 Filium

301 2860 373 2918 lieii
387 2859 458 2918 unde
471 2861 505 2917 ad
522 2861 628 2920 Galatas
642 2861 707 2918 dicit
726 2880 733 2918 ι
749 2861 813 2919 Cum
831 2870 914 2916 autem
929 2863 995 2917 uenit
1012 2861 1095 2934 pleti-

300 2951 363 3007 tttdu
377 2953 515 3023 temporis,
528 2952 596 3007 misit
607 2945 676 3007 Deru
691 2949 788 3009 Filium
800 2967 873 3007 suunt
887 2956 984 3026 suriunt
996 2968 1029 3008 eu
1040 2969 1097 3007 ntu-

300 3043 371 3111 liere,
385 3043 480 3114 luemus
492 3043 537 3099 tub
552 3041 629 3115 depe,
639 3051 667 3098 ut
679 3059 721 3098 eor
733 3043 777 3116 qui
788 3043 834 3099 rub
847 3041 913 3116 Lupe
926 3051 1008 3110 uant,
1036 3043 1096 3099 red·

300 3136 400 3204 imeret,
413 3144 442 3190 ut
454 3135 616 3208 adoptionem
632 3135 744 3206 liliorum
769 3137 934 3208 reciperentur
946 3135 1043 3205 (Galat.
1056 3152 1095 3203 tu,

299 3228 329 3296 h,
343 3225 382 3302 ii).
397 3227 429 3283 lit
440 3242 501 3299 quae
513 3228 598 3300 gloria
610 3242 703 3284 corum
714 3228 766 3284 nisi
783 3229 919 3299 praecipue
932 3227 988 3296 illa,
997 3227 1032 3286 de
1042 3243 1096 3300 qua

227 3333 229 3340 ’
300 3321 371 3378 idem
386 3321 486 3378 Paulus
501 3319 535 3378 ad
558 3320 667 3378 eosdem
689 3319 825 3377 Romanos
845 3319 935 3378 dicit:
953 3319 1095 3394 Quiderpo

300 3413 412 3484 emplius
424 3423 459 3470 est
473 3413 586 3470 ltrdue?
604 3423 648 3468 aut
673 3429 731 3486 quae
751 3413 847 3468 rutilitas
872 3413 1096 3469 circumcisionis!

300 3504 413 3561 diuitum
436 3522 602 3579 peromnem
625 3506 737 3562 utoelutrt.
754 3503 872 3561 Primum
889 3507 1011 3578 pridem,
1034 3507 1096 3579 qttiu

299 3596 397 3653 eredita
410 3607 469 3652 stent
481 3597 533 3652 illis
545 3597 643 3670 eloquia
653 3595 703 3652 Dei
713 3595 800 3668 (Ronr.
815 3611 853 3662 ιιι,
869 3598 898 3666 l,
910 3595 952 3670 2).
966 3597 1096 3667 Quteraul

299 3689 344 3746 isti
358 3691 486 3772 quaesiut
500 3690 604 3762 eloquia
621 3689 667 3746 liei
682 3689 782 3745 erudita
795 3687 940 3758 induisse
953 3689 1096 3747 ostendant

298 3783 378 3838 nobis
387 3782 437 3838 alia
449 3793 545 3855 prater
555 3781 728 3840 liobrsecrum
740 3778 945 3854 Prophetarum.
958 3784 1017 3840 lam
1030 3799 1095 3840 tero

298 3871 471 3929 Testamenta
484 3873 651 3930 erardiritad
660 3873 793 3930 israelitas
803 3875 937 3946 praecipue
947 3876 1093 3946 pertinere,

299 3963 352 4020 nisi
373 3963 435 4035 quia
448 3973 476 4021 et
489 3963 572 4021 Vetus
584 3963 783 4022 Testamentum
805 3965 857 4021 illis
875 3965 966 4022 datum
989 3975 1046 4033 est,
1067 3975 1096 4023 et

298 4054 403 4112 Novum
417 4055 444 4111 in
457 4055 553 4122 lietere
565 4055 725 4126 figuratumi
738 4055 816 4127 Legis
826 4067 914 4113 autem
926 4058 1095 4114 constitutio·

299 4161 373 4214 nem,
397 4162 457 4219 qum
477 4145 604 4202 israelitis
615 4145 677 4202 data
690 4156 751 4214 est,
771 4162 826 4202 non
843 4147 1022 4220 intelligentes
1035 4149 1095 4219 eius

299 4239 610 4310 dispensationemque
618 4237 674 4310 jorn
689 4253 741 4293 nnn
757 4238 814 4304 rull
827 4254 875 4296 nos
891 4239 961 4296 [leus
971 4255 1032 4296 esse
1044 4243 1095 4298 sub

299 4329 382 4400 Lege,
397 4329 446 4386 sed
465 4329 515 4386 sub
525 4329 620 4402 gratia,
638 4329 837 4401 reprehendere
849 4331 893 4386 isti
906 4331 994 4388 solent
1008 4333 1094 4403 impe·

299 4422 361 4478 ritia
375 4421 485 4478 furioso.
496 4419 602 4478 Cedant
612 4436 675 4492 ergo
685 4421 839 4476 ntrctoritati
858 4421 1023 4494 apostolicae,
1033 4438 1094 4494 quae

298 4511 413 4570 laudans
437 4521 517 4584 atque
536 4511 728 4568 commendans
753 4511 933 4572 israelitarum
961 4514 1094 4573 excellen-

300 4603 376 4672 tiam,
391 4601 471 4658 etium
496 4601 546 4658 Ιιοι
564 4603 750 4671 enumerarit,
769 4603 841 4672 quod
859 4619 953 4661 eorum
968 4606 1002 4661 sit
1016 4604 1094 4677 Legis

300 4693 466 4750 constitutio.
481 4693 547 4762 Qnu
559 4693 582 4748 si
595 4693 664 4748 mala
679 4701 761 4761 essct,
776 4707 829 4750 non
848 4696 939 4766 utique
957 4697 983 4750 iu
1000 4711 1093 4752 eorum

301 4785 381 4842 laude
394 4792 548 4856 poneretur.
559 4783 587 4841 Si
600 4795 689 4840 autem
702 4783 838 4840 Christum
852 4801 905 4842 uon
921 4786 1091 4857 predicaret,

301 4895 356 4935 nou
388 4877 445 4950 ipse
470 4877 598 4934 Dominus
621 4877 737 4943 diceret,
765 4875 796 4934 Si
823 4879 957 4934 uetuerit
984 4878 1092 4952 dloqui,

301 4973 471 5029 creduetitet
484 4971 565 5037 milti,·
584 4971 615 5027 de
637 4987 677 5026 nte
696 4971 764 5050 eniut
777 4972 823 5026 illu
835 4971 934 5042 scripsit
960 4971 1050 5042 (lanu.
1066 4989 1092 5041 u,

299 5064 347 5137 tt)
360 5083 367 5121 ι
383 5077 432 5120 uec
444 5071 505 5134 post
516 5062 740 5120 resurrectionem
753 5061 792 5118 sic
805 5062 830 5118 ei
855 5069 1044 5128 attestaretur,
1053 5064 1095 5119 dt-

710 361 849 421 CON'l'hA
867 357 1031 418 uuttsubtt
1045 307 1317 428 sithiensibus.
1338 359 1521 420 subbullit!

1884 363 1933 422 hil

1150 472 1300 535 infidelibus
1312 476 1412 533 ltadtcis
1429 477 1492 533 dicit
1507 475 1667 548 Apostolus,
1682 473 1747 532 Cum
1760 475 1850 546 lepitur
1863 476 1931 550 blop-

1149 582 1199 635 tes‚
1212 569 1324 623 ueloruen
1333 578 1369 625 ert
1380 552 1456 640 super
1466 586 1510 624 cor
1520 584 1627 624 eorum:
1641 567 1810 638 nequeenim
1824 567 1932 636 arriertnr

1150 657 1204 714 hoc
1216 659 1357 726 velamen,
1373 676 1420 730 per
1436 659 1507 730 quod
1521 675 1576 714 nnn
1591 659 1739 730 intelligunt
1752 656 1875 728 hlopseu,
1888 662 1931 716 nisi

1150 750 1304 806 transierint
1316 749 1350 806 art
1363 751 1497 806 Christum
1512 770 1519 807 ι
1533 764 1587 804 non
1600 749 1705 820 qualem
1726 748 1777 818 ipsi
1793 749 1931 817 illuxerunt,

1149 839 1198 896 sed
1213 841 1319 912 qualem
1334 839 1427 898 Patres
1441 841 1547 898 liebrrri
1566 839 1799 912 prophetaverunt.
1813 839 1857 896 Sic
1868 841 1930 896 errius

1150 931 1220 987 idem
1242 932 1379 1004 apostolus
1395 932 1434 988 ait
1446 947 1454 991 τ
1468 933 1531 986 Cuut
1549 941 1634 988 uuum
1652 931 1781 987 henderit
1798 931 1833 984 ud
1850 929 1933 985 Dourei-

1149 1039 1228 1090 nuut,
1242 1023 1372 1095 auferetur
1385 1025 1498 1080 adnitere
1512 1023 1552 1097 (ll
1566 1023 1626 1080 Cur.
1640 1039 1684 1088 ιιι.
1701 1024 1754 1088 15,
1772 1022 1833 1096 tt).
1850 1022 1933 1094 licque

1149 1115 1222 1172 cuim
1236 1115 1332 1170 mirum
1347 1117 1472 1187 estquod
1489 1117 1637 1188 resurgenti
1649 1115 1773 1180 Christo,
1786 1127 1813 1170 et
1824 1116 1932 1184 dicenti,

1151 1205 1287 1274 Oportebat
1296 1207 1396 1277 impleri
1404 1208 1489 1262 omma
1498 1222 1556 1278 que
1564 1207 1658 1278 scripta
1666 1217 1726 1264 runt
1733 1207 1761 1262 in
1770 1205 1836 1279 Cape
1847 1206 1932 1279 Ome,

1148 1310 1173 1356 et
1186 1299 1339 1372 Prophetis,
1354 1311 1378 1358 et
1397 1301 1507 1358 Ptuluris
1520 1303 1551 1358 de
1564 1319 1621 1371 sne,
1636 1303 1730 1358 noltmt
1747 1301 1790 1361 isti
1807 1301 1932 1368 credere:

1148 1393 1363 1465 quandoquidem
1377 1391 1501 1450 Christus
1515 1394 1572 1466 ipse
1585 1393 1716 1460 narrarit,
1729 1392 1796 1464 qnid
1806 1392 1933 1448 Abrabam

1148 1482 1247 1540 dixerit
1258 1484 1462 1541 immisericordi
1475 1485 1580 1544 cuidam
1591 1485 1678 1554 diuiti,
1689 1501 1749 1541 cum
1761 1485 1832 1556 apud
1844 1485 1935 1550 inieras

1148 1581 1331 1646 torqueretur,
1344 1583 1373 1631 et
1386 1584 1490 1646 peteret
1502 1575 1565 1632 inde
1578 1575 1647 1632 mitti
1660 1576 1779 1648 aliquem
1793 1575 1831 1639 ad¹
1847 1574 1935 1642 [ιιι-ιι

1148 1680 1227 1736 suos,
1239 1680 1255 1720 a
1267 1682 1322 1738 qno
1335 1665 1511 1736 docerentur,
1525 1683 1559 1726 ue
1572 1677 1599 1725 et
1613 1667 1663 1738 ipsi
1682 1669 1804 1724 uenirent
1821 1669 1849 1724 in
1869 1668 1935 1724 illum

1148 1760 1236 1817 locum
1250 1770 1455 1818 tormentorum.
1469 1763 1525 1818 llnc
1537 1764 1609 1820 enim
1618 1763 1643 1819 ei
1655 1763 1755 1820 dictum
1768 1770 1810 1818 est
1823 1781 1831 1818 :
1843 1760 1935 1818 liabeo

1147 1855 1184 1909 ibi
1203 1853 1311 1927 llopren
1328 1864 1352 1910 et
1374 1854 1532 1925 Prophetes,
1553 1855 1658 1910 audiant
1676 1855 1745 1910 Olus.
1764 1855 1876 1910 Etcum
1896 1856 1936 1920 ille

1148 1946 1263 2002 dixisset
1274 1962 1328 2002 uon
1341 1961 1390 2004 eus
1403 1947 1563 2012 credituros,
1578 1947 1630 2002 nisi
1643 1947 1739 2018 uliquis
1752 1946 1937 2002 resurrexisset

1147 2053 1163 2092 a
1182 2039 1312 2107 mortuis,
1331 2040 1471 2098 uerissime
1489 2054 1648 2110 responsum
1666 2047 1729 2096 est:
1747 2038 1780 2096 Sl
1796 2038 1903 2110 itaqua
1916 2046 1944 2094 et.

1148 2125 1292 2202 Prophetes
1303 2145 1355 2184 nou
1367 2131 1486 2197 audiunt,
1499 2147 1579 2203 neque
1589 2131 1612 2186 ti
1623 2131 1681 2199 quis
1699 2147 1716 2184 a
1733 2131 1840 2185 mortuis
1857 2147 1937 2184 resur-

1147 2221 1251 2287 merit,
1264 2224 1365 2277 credent
1377 2220 1452 2294 (Luc.
1463 2237 1521 2290 xm,
1534 2223 1641 2296 ihil).
1653 2222 1821 2293 Quapropter
1834 2221 1877 2278 isti
1890 2236 1938 2276 non

1147 2301 1287 2370 audiemus
1298 2313 1406 2387 hloyseu
1419 2321 1447 2371 et
1459 2313 1624 2385 Prophetas,
1636 2327 1691 2369 uon
1703 2313 1789 2368 solum
1802 2328 1820 2367 a
1833 2312 1938 2368 mortuis

1148 2407 1298 2478 resurgenti
1316 2405 1439 2475 Christo,
1458 2406 1507 2464 eod
1524 2407 1633 2463 omuino
1645 2404 1780 2462 Christum
1797 2419 1816 2461 a
1833 2405 1939 2461 mortuis

1148 2497 1328 2555 resurrexisse
1338 2496 1525 2554 uouerednnt.
1536 2496 1676 2566 erornodo
1685 2496 1757 2552 enim
1767 2495 1940 2552 resurremus

1147 2586 1280 2656 creduut,
1292 2602 1377 2674 ,quem
1398 2597 1533 2644 mortuum
1554 2587 1636 2644 luisse
1654 2602 1709 2643 nou
1728 2586 1863 2643 credam?
1878 2585 1940 2642 Nam

1148 2681 1283 2752 utromodo
1295 2689 1431 2738 munuum
1442 2680 1527 2739 luisse
1536 2680 1659 2748 credunt,
1671 2695 1751 2754 qoem
1763 2681 1878 2738 mortale
1888 2693 1941 2737 ιιι-

1148 2787 1199 2843 pus
1211 2771 1337 2830 habuisse
1350 2787 1405 2831 nou
1419 2773 1551 2830 eredunt?

1183 2862 1430 2923 meust-uas
1441 2865 1590 2923 autemillis
1601 2874 1789 2937 nonunquam
1801 2863 1941 2937 ejustri·

1148 2957 1184 3014 sti
1196 2957 1241 3030 qui
1255 2959 1334 3015 laliar
1346 2959 1406 3026 luit,
1419 2959 1468 3016 sed
1479 2960 1538 3032 ejrrs
1550 2959 1595 3030 qui
1608 2960 1719 3017 omnino
1731 2973 1785 3016 nou
1796 2957 1859 3025 luit,
1872 2956 1941 3013 lalla-

1147 3051 1224 3108 eibue
1243 3052 1462 3122 predicatoribus
1480 3066 1533 3108 uon
1552 3050 1697 3107 eredimus.
1718 3049 1858 3107 ilabeuun
1876 3049 1942 3102 enim

1147 3141 1282 3200 Christum
1300 3159 1393 3200 rerum
1411 3152 1491 3215 atque
1508 3157 1649 3211 tenuem,
1669 3141 1827 3214 predictum
1844 3156 1860 3195 ι
1878 3139 1940 3195 Pro·-

1149 3236 1250 3308 phetie,
1272 3236 1445 3308 predicatum
1462 3236 1498 3292 ab
1515 3236 1664 3306 Apostolis,
1680 3234 1879 3306 predicationis
1891 3247 1944 3287 ιιι

1148 3329 1299 3386 testimonia
1312 3343 1345 3385 ex
1363 3327 1436 3399 Lege
1453 3336 1482 3384 et
1498 3327 1639 3400 Prophetis
1656 3325 1863 3392 adhibentibus,
1879 3325 1944 3381 sieut

1148 3421 1386 3478 innumerabilibus
1396 3419 1464 3477 locis
1477 3419 1632 3476 ostendunt.
1645 3418 1722 3487 Quod
1734 3417 1836 3476 Paulus
1847 3415 1944 3474 breuis·

1147 3516 1215 3571 sime
1226 3513 1419 3586 uerissimeque
1432 3514 1591 3584 conrplexus
1604 3520 1661 3579 est,
1676 3511 1769 3568 dicens
1782 3529 1789 3568 :
1805 3510 1886 3566 Nune
1898 3525 1943 3562 uu·

1147 3607 1197 3654 unt
1207 3599 1262 3654 tine
1271 3596 1339 3669 bepe-
1345 3597 1450 3670 justitio
1461 3596 1508 3652 Dei
1519 3598 1681 3670 manifestata
1694 3605 1740 3662 est,
1757 3595 1894 3665 testificata
1903 3608 1945 3664 per

1146 3689 1240 3762 hepene
1253 3698 1278 3746 et
1290 3688 1435 3760 Prophetae
1449 3689 1543 3761 (Rom.
1559 3704 1602 3755 ιιι,
1617 3688 1650 3744 bl
1659 3686 1680 3758 ).
1693 3687 1767 3756 Quos
1778 3683 1951 3758 Prophetas„

1146 3786 1198 3843 nisi
1211 3783 1361 3849 israelitas,
1374 3796 1487 3854 quorum
1499 3796 1561 3838 esse
1574 3780 1742 3852 apertissime
1753 3777 1843 3849 dixit,
1854 3787 1883 3835 et
1893 3777 1945 3833 'le-

1147 3885 1296 3945 stameutu,
1316 3885 1344 3933 et
1361 3875 1441 3947 Legis
1456 3873 1691 3941 consitutiouem,
1707 3879 1736 3929 et
1753 3870 1946 3941 promissiones

1147 3969 1209 4044 (ld.
1225 3986 1267 4035 nr,
1280 3968 1336 4042 lli
1355 3967 1393 4026 be
1410 3965 1692 4041 quoprornissiones,
1708 3963 1761 4022 nisi
1772 3963 1807 4021 de
1820 3962 1946 4020 Christo!

1146 4060 1224 4130 Quod
1242 4060 1358 4118 breviter
1376 4058 1429 4115 alio
1448 4059 1509 4115 loco
1525 4055 1702 4123 determinat,
1717 4053 1828 4110 cumde
1840 4053 1946 4110 Christo

1146 4155 1265 4226 loquitur
1276 4153 1369 4209 dicens
1383 4170 1390 4206 ε
1406 4151 1533 4220 Quotquot
1544 4150 1610 4206 enirn
1621 4157 1681 4203 sunt
1695 4148 1877 4219 monestere
1891 4144 1946 4210 liei,

1145 4247 1174 4302 in
1186 4246 1233 4302 illo
1245 4245 1321 4301 etium
1335 4241 1375 4319 (ll
1390 4243 1449 4300 Cur.
1463 4259 1484 4310 ι,
1498 4241 1562 4314 Pb).
1577 4241 1646 4297 uicit
1658 4239 1722 4296 mihi
1735 4239 1846 4305 ΡιιιΙιιι,
1862 4238 1948 4300 lsrae-

1145 4337 1252 4392 liturum
1265 4349 1325 4390 esse
1337 4333 1417 4406 Legis
1429 4330 1657 4390 constitutionem.
1672 4331 1741 4387 bien
1753 4331 1836 4387 etiam
1853 4348 1860 4385 z
1875 4325 1949 4382 Finit

1145 4426 1213 4482 etaim
1224 4425 1300 4497 Legis
1314 4424 1444 4491 Christus,
1457 4422 1492 4478 ad
1508 4423 1633 4492 justitium
1645 4423 1714 4476 omui
1725 4421 1840 4476 credenti
1854 4419 1948 4496 (lietu.

1146 4535 1180 4589 x,
1189 4518 1235 4588 l).
1250 4519 1320 4576 Dicit
1334 4517 1414 4574 etiarn
1428 4517 1462 4574 de
1475 4514 1581 4573 Christo
1595 4515 1724 4586 loquens,
1738 4513 1870 4584 Quotquot
1883 4511 1949 4566 eninr

1146 4625 1203 4670 runt
1218 4612 1394 4684 promissiones
1409 4609 1472 4676 Dei,
1485 4608 1512 4662 r'n
1525 4607 1571 4662 illo
1584 4606 1660 4661 etiam
1674 4613 1724 4662 :et
1738 4614 1765 4661 tu
1778 4603 1848 4660 mibi
1861 4603 1947 4666 dieis,

1146 4704 1278 4760 israelitas
1288 4701 1324 4758 de
1334 4699 1441 4757 Christo
1453 4699 1520 4754 nihil
1533 4697 1687 4769 praedixisse
1699 4695 1869 4766 Prophetas!
1880 4691 1948 4759 Quid

1146 4795 1226 4866 igitur
1238 4801 1330 4859 restat,
1346 4791 1397 4846 nisi
1411 4799 1441 4846 ut
1454 4791 1550 4862 eligam
1564 4798 1652 4845 utrum
1665 4786 1812 4844 hlaniehceo
1825 4784 1949 4844 credam.

1146 4884 1262 4942 iabulam
1273 4898 1368 4938 tanam
1378 4890 1406 4939 et
1416 4881 1522 4953 longam
1534 4889 1626 4936 contra
1638 4879 1749 4936 Paulum
1760 4877 1903 4942 narranti3
1917 4889 1949 4927 an

1146 4977 1228 5034 Panlo
1242 4974 1436 5048 premonenti,
1452 4974 1483 5031 Si
1500 4974 1556 5045 quis
1573 4972 1642 5029 uobis
1656 4972 1866 5044 eauuqeliuauerit
1881 4986 1951 5042 pru·

1146 5078 1258 5140 terquem
1270 5067 1340 5139 quud
1352 5066 1575 5140 euuuqelizauimut
1587 5065 1672 5134 uobis,
1686 5065 1821 5119 urratlrema
1835 5065 1873 5119 tit
1885 5061 1952 5134 (Gn-

300 5171 376 5224 ceus,
390 5153 525 5227 Oportebat
537 5153 637 5222 impleri
648 5153 732 5207 anania
742 5168 798 5224 que
809 5153 904 5224 scriptu
919 5163 977 5211 runt
991 5155 1018 5209 in
1028 5153 1096 5226 Ceqe
1146 5159 1192 5215 lat.
1204 5176 1224 5228 ι,
1240 5160 1267 5228 8,
1282 5157 1333 5231 Ol?

209 5297 210 5300 ,
301 5243 628 5318 llopsi,etPropiretir,et
643 5243 1013 5316 Ptalnriteleurelbue.uxtt,
1027 5245 1092 5320 bl).
1180 5248 1296 5306 curun
1308 5247 1350 5306 Vl.
1364 5246 1653 5316 -tuelartedicant,
1678 5245 1794 5304 Ostende
1808 5246 1893 5302 uobis
1906 5243 1951 5300 ubi

337 5335 450 5394 carui
464 5337 508 5394 lb.
520 5365 558 5378 -
570 5334 622 5392 Sed
637 5336 697 5406 quia
713 5335 849 5392 llarricbtei
864 5337 945 5394 alitam
957 5337 1094 5395 Christum
1146 5342 1181 5398 sit
1189 5340 1310 5398 Christus
1320 5341 1353 5397 ab
1363 5340 1489 5397 israelitis
1498 5339 1638 5411 Prophetis
1651 5342 1856 5410 prenuntiatus.
1867 5336 1952 5407 Quasi

301 5427 464 5501 pradicant,
481 5443 533 5484 ιιιι
550 5443 611 5484 eum
625 5442 704 5498 (prem
724 5426 938 5498 praedicaverunt
956 5428 1093 5499 Apostoli,
1145 5449 1228 5506 parra
1244 5433 1279 5490 sit
1295 5438 1343 5489 ista
1357 5434 1519 5500 auctoritas,
1533 5447 1585 5504 qua
1598 5430 1694 5487 dicunt
1705 5429 1823 5502 Apostoli
1838 5447 1874 5488 ea
1890 5444 1952 5499 qun

301 5520 349 5578 eod
362 5535 440 5576 suum
452 5519 587 5592 proprium
599 5521 719 5576 bullacem
734 5519 872 5587 fallaciter,
886 5522 962 5593 errius
973 5522 1095 5580 iulsitatis
1146 5525 1172 5582 in
1184 5525 1357 5583 liebraeonnn
1372 5521 1565 5595 Prophetarum
1579 5522 1675 5579 litteris
1687 5522 1809 5593 legimus,
1825 5519 1856 5574 in
1868 5519 1938 5577 Chri

302 5617 448 5670 secutores
461 5621 639 5682 congruenter
652 5622 680 5668 et
693 5612 742 5683 ipsi
759 5612 940 5681 mentiuntur;
960 5613 1009 5670 uisi
1024 5615 1094 5685 quod
1146 5627 1188 5695 sto
1202 5632 1263 5674 esse
1276 5617 1410 5687 completa
1425 5633 1431 5670 :
1447 5617 1488 5672 rel
1506 5615 1578 5688 quod
1590 5612 1655 5671 dicit
1669 5614 1728 5685 ipsc
1746 5614 1902 5680 bominus,
1918 5613 1954 5668 du

301 5701 471 5774 impudenter
481 5701 532 5757 sibi
545 5701 618 5756 credi
632 5703 740 5772 rolnrrt,
753 5719 814 5760 cnm
841 5717 872 5760 se
886 5703 1039 5762 mentientis
1053 5706 1095 5762 di·
1146 5725 1176 5764 sc
1186 5710 1230 5764 illa
1240 5724 1301 5765 esse
1309 5706 1469 5778 conseripta.
1481 5706 1597 5764 Proinde
1605 5707 1725 5778 quisquis
1737 5705 1788 5771 hoc
1798 5705 1956 5760 ostendere

250 5841 278 5868 .,
301 5795 419 5870 stipulas
433 5809 494 5854 esso
513 5793 704 5868 profiteantun
719 5795 829 5870 contigit
843 5797 882 5854 eis
896 5797 1015 5872 quotide
1030 5799 1095 5873 ipsis
1148 5811 1200 5858 arou
1218 5800 1350 5873 potnerit,
1372 5801 1429 5872 ipsc
1447 5816 1501 5857 uon
1523 5799 1646 5872 intelligit
1662 5816 1670 5855 r
1688 5814 1742 5856 nou
1760 5797 1897 5871 Apostoli
1913 5807 1964 5853 aut
