4034 6334
288 353 341 414 ru
572 349 710 410 conum
727 333 932 408 nurutmuu
949 339 1129 406 umtcnet
1152 341 1420 417 eternorum.
1441 314 1628 410 nucusrr'n
1873 355 1926 418 ru

287 475 415 533 miserum
429 483 477 528 cor
488 468 568 526 inciti
581 467 649 538 Quid
661 483 725 540 ergo
735 465 904 524 calumniosis
918 463 1020 522 Tullius
1034 477 1080 522 re·
1134 463 1240 522 solliciti
1256 465 1328 539 (cum
1347 465 1419 523 enim
1437 465 1640 525 siutlaominum
1653 467 1749 527 anime
1769 472 1926 546 rationum,

275 563 441 640 sponderet,
465 559 515 618 nisi
530 559 720 616 misericordie
740 557 848 613 nomine
867 555 1037 614 clementiam
1049 568 1081 610 se
1134 557 1235 614 revolvi
1249 567 1339 615 tamen
1354 575 1401 616 eas
1425 560 1451 615 in
1471 575 1568 631 pecora
1580 563 1755 632 existimant),
1770 566 1860 623 clausa
1874 569 1925 624 sibl

285 657 422 732 appellare
433 653 704 722 uoluisselQuoniam
716 658 788 708 recte
801 650 918 707 solemus
932 649 1082 721 loquium
1134 663 1196 705 esso
1213 649 1471 722 arbitranturrcgua
1488 651 1628 722 coelorum,
1642 653 1667 710 si
1685 669 1813 726 pecorum
1828 658 1927 714 animis

287 749 375 807 solum
393 749 474 806 veiha
495 746 611 820 propria,
635 743 682 801 sed
702 744 781 801 etiarn
800 745 888 800 vicina
910 752 1080 814 usurpantes.
1134 739 1225 797 clausa
1240 756 1302 798 esse
1314 743 1491 799 consentiant.

287 843 370 916 Cujus
383 841 670 899 suctorismentionem
687 837 775 894 iacere
791 837 874 904 volui,
889 838 1014 908 quoniam
1027 850 1082 892 non
1170 830 1198 885 2.
1218 830 1298 900 Quid,
1317 833 1489 904 quodetiam
1511 833 1640 892 insultare
1660 851 1742 894 susus
1762 847 1804 895 est
1826 842 1928 914 populo

287 936 322 994 de
337 952 375 1006 ¹re
388 933 500 1007 questio
514 931 567 998 lric,
582 930 629 986 sed
640 929 673 987 de
690 929 771 986 verbo
784 935 834 986 est.
851 927 925 984 Sicut
944 927 1017 984 enim
1030 942 1082 983 no·
1135 918 1218 977 lsrael
1230 921 1387 979 sdtmamm
1399 939 1467 982 unus
1481 940 1513 982 ex
1526 924 1662 996 discipulis
1676 927 1825 995 llsuiclrni.
1846 949 1927 1004 quem

287 1029 338 1087 stri
357 1037 491 1095 auctores,
510 1025 660 1082 divinarum
674 1022 777 1080 scilicet
799 1021 970 1088 litterarum,
985 1020 1020 1076 de
1038 1034 1083 1076 re-
1135 1027 1261 1084 tnagnum
1275 1013 1411 1072 doctorem
1426 1017 1496 1073 illius
1508 1025 1589 1074 secte
1601 1017 1685 1076 luisse
1695 1024 1930 1080 commemorant?

285 1121 337 1179 bus
357 1119 471 1176 maximo
490 1117 690 1190 cogitaverunt;
710 1115 750 1172 sic
775 1103 970 1170 mundanorum
991 1121 1084 1168 aucto-
1136 1105 1266 1164 insultare
1277 1123 1432 1181 ergoausus
1448 1119 1491 1166 cst
1503 1111 1602 1183 populo
1614 1111 1779 1181 luteorum,
1794 1115 1866 1187 quod
1883 1130 1931 1174 ss·

257 1215 267 1256 t
286 1225 348 1266 rum
362 1223 446 1282 prope
455 1207 543 1264 omnis
555 1223 618 1264 cura
629 1207 663 1263 de
673 1205 762 1263 verbis
773 1213 823 1262 est
837 1204 890 1262 Sed
901 1203 987 1260 haheo
994 1203 1084 1260 Eran-
1135 1200 1252 1258 cundum
1265 1217 1359 1259 eorum
1375 1203 1538 1260 intellectum
1552 1246 1561 1274 ,
1580 1219 1636 1276 quo
1650 1205 1804 1264 existimant
1821 1210 1933 1281 sangui·

286 1301 396 1374 gelium,
411 1306 441 1358 et
452 1314 546 1356 omnes
562 1298 630 1355 Nori
649 1297 814 1354 Testamenti
829 1296 922 1362 libros,
945 1294 1084 1366 inquibus
1135 1307 1200 1350 mm
1211 1294 1407 1362 oescauimam,
1422 1304 1563 1366 pareatum
1575 1297 1817 1369 ipsorumanimre‚
1831 1303 1931 1374 partim

285 1393 469 1450 misericordia
483 1391 530 1448 lici
542 1389 759 1462 trequentissime
768 1386 978 1445 commendatur.
994 1385 1023 1444 st
1037 1399 1085 1440 au-
1135 1398 1152 1440 a
1164 1385 1333 1456 serpentibus
1342 1384 1596 1458 neroum-partim
1608 1387 1854 1462 ignosceremus,
1867 1407 1933 1464 par·

286 1485 426 1558 demergo
438 1482 482 1540 isti
497 1482 600 1550 miseri,
616 1482 697 1540 etiam
711 1479 773 1537 inde
786 1479 884 1536 iaciant
896 1476 1083 1551 questionem,
1137 1475 1185 1532 tim
1203 1474 1231 1532 in
1243 1475 1358 1532 desertis
1377 1485 1459 1549 atque
1477 1479 1632 1549 asperrimis
1646 1481 1777 1537 montium
1789 1481 1855 1540 locis
1866 1497 1931 1542 ars-

285 1589 314 1636 et
328 1588 425 1652 negent
438 1591 497 1634 esse
511 1575 712 1633 misericordem
726 1575 822 1642 ileum,
841 1588 876 1630 ne
897 1573 1024 1629 miserum
1037 1585 1085 1628 cor
1136 1567 1213 1628 laun
1224 1578 1295 1626 sunt
1308 1569 1524 1640 numerorum
1536 1575 1745 1648 essequisquarn
1757 1577 1932 1649 concederet,

286 1669 387 1728 lrabere
406 1669 575 1742 intelligatur.
587 1669 662 1726 Sicut
673 1683 738 1742 ergo
749 1675 838 1742 potest
850 1680 910 1723 esse
923 1665 950 1721 in
961 1664 1019 1720 Deo
1035 1662 1086 1720 mi·
1137 1662 1197 1720 sine
1208 1662 1310 1720 sectere
1323 1673 1412 1721 tamen
1424 1679 1517 1721 eorum
1530 1666 1626 1738 quibus
1636 1667 1931 1740 istcinmttarerotntt,
1978 1702 1983 1712 ·

286 1761 432 1818 sericordiu
453 1760 511 1818 sine
530 1760 619 1818 cordis
641 1759 747 1816 miseria
761 1758 818 1816 :sic
840 1758 921 1815 etiam
943 1757 1001 1812 sine
1022 1755 1086 1812 talto
1137 1755 1237 1813 lactum
1246 1772 1308 1814 esse
1320 1758 1501 1816 convinceret.
1513 1759 1572 1816 Nou
1584 1761 1657 1817 cuim
1668 1771 1810 1834 parentum
1819 1779 1933 1820 suorum

286 1863 367 1928 atque
380 1857 500 1912 cruciatu
512 1853 595 1910 animi
610 1853 698 1910 zelum
712 1851 761 1910 llei
779 1867 833 1908 non
847 1849 1022 1921 dedignemur
1041 1861 1086 1903 ac·
1138 1849 1251 1916 animas,
1264 1850 1361 1922 quibus
1376 1851 1423 1908 illa
1433 1853 1524 1911 omnia
1544 1853 1692 1910 secundum
1710 1853 1807 1912 horum
1826 1855 1934 1912 intelle·

286 1947 395 2020 cipere;
414 1955 442 2002 et
454 1945 562 2002 hurnnni
574 1943 752 2001 conditionem
767 1941 899 2000 sermonis
914 1940 1042 2005 ieramus,
1056 1945 1088 1994 ut
1137 1949 1211 1998 uum
1231 1941 1362 1999 accidisse
1373 1941 1451 2012 dixit,
1466 1944 1516 2014 ipsi
1535 1944 1625 2016 aliqua
1637 1960 1672 2001 cs
1686 1953 1763 2016 parte
1780 1944 1932 2002 leserunt:

287 2041 322 2098 ad
336 2041 456 2098 divinum
469 2038 656 2114 perveniamus
677 2037 823 2095 silentium.
839 2034 893 2092 Sed
912 2033 935 2090 si
952 2030 1087 2089 contraria
1137 2043 1300 2105 quapmpter
1310 2034 1410 2091 luctum
1423 2034 1486 2092 inde
1499 2046 1613 2107 possunt
1625 2035 1735 2106 lairere,
1745 2052 1800 2094 oon
1811 2046 1931 2095 reatum.

286 2133 381 2192 dieunt
404 2147 465 2189 esse
483 2119 615 2190 zelantem
634 2131 728 2198 licum,
750 2137 778 2186 et
787 2128 889 2200 justum
902 2127 1004 2193 ileum3
1022 2123 1087 2196 quid
1139 2124 1208 2196 Quid
1221 2135 1311 2182 autern
1326 2125 1384 2197 ipse
1402 2125 1562 2184 Adimantus
1572 2127 1653 2184 laciet
1669 2128 1815 2184 soeurrdum
1827 2129 1936 2200 opinio·

287 2222 384 2279 dicturi
405 2231 480 2289 sunt,
497 2237 559 2277 eum
582 2229 610 2296 et
634 2220 661 2277 in
683 2219 757 2276 Noro
777 2215 950 2276 Testamento
967 2214 1086 2282 invenio,
1139 2231 1368 2290 mensuumque
1381 2218 1586 2275 crediditetiam
1604 2219 1757 2288 monetes,
1770 2219 1797 2277 id
1816 2229 1868 2290 cst,
1884 2221 1938 2279 lto·

286 2311 348 2370 Zelo
364 2313 411 2367 Dei
427 2329 471 2369 uos
481 2310 536 2368 solo
550 2311 585 2380 (11
598 2309 659 2368 Gor.
669 2326 708 2380 m,
718 2309 766 2385 2);
782 2309 824 2366 vel
836 2309 986 2366 adhibitum
1006 2308 1088 2362 etiam
1139 2307 1243 2364 minum
1261 2309 1365 2366 animas
1384 2312 1413 2366 in
1429 2310 1546 2368 belluina
1564 2325 1678 2384 corpora
1691 2327 1772 2385 posse
1784 2313 1937 2370 contrudi!

287 2403 322 2462 de
334 2405 469 2462 veteribus
482 2407 509 2460 in
525 2403 672 2476 Evangelio
686 2403 879 2468 testimonium,
901 2399 1091 2486 Ζι1ιιιι1οιιιιιιΙ
1138 2398 1209 2470 Quid
1230 2415 1296 2474 ergo
1311 2401 1390 2458 laciet
1409 2401 1444 2458 de
1455 2411 1530 2460 tauto
1546 2403 1658 2472 acuere,
1672 2403 1696 2460 si
1706 2402 1813 2474 quando
1827 2404 1937 2461 tardum

287 2509 339 2554 tuoe
352 2498 460 2554 conrodit
478 2495 619 2572 mollone.
633 2513 663 2566 rr,
679 2497 729 2564 17;
743 2495 817 2553 Ptol.
832 2509 923 2561 suurn,
934 2493 1002 2566 llll
1015 2493 1088 2550 llur·
1137 2493 1290 2570 lomentum
1307 2497 1403 2570 plagis,
1421 2506 1469 2554 aut
1490 2499 1651 2555 modestum
1669 2495 1746 2554 trem
1764 2495 1890 2568 fatigarit,
1907 2496 1940 2554 iu

286 2605 335 2648 sus
348 2589 374 2645 in
393 2589 487 2648 Vetere
501 2605 562 2646 curn
575 2589 677 2660 legunt,
690 2585 928 2655 lucrementum,
941 2595 965 2641 et
973 2585 1090 2658 justitiae
1140 2604 1195 2664 qno
1207 2590 1277 2648 torte
1289 2591 1373 2663 patris
1385 2591 1445 2663 eins
1454 2592 1544 2649 anima
1555 2590 1652 2649 lucritl
1663 2599 1695 2648 ut
1705 2606 1759 2648 uon
1769 2589 1855 2648 dicam
1863 2589 1940 2661 quod

288 2681 388 2750 dilexit,
402 2681 545 2752 equitatem
556 2681 618 2736 sidit
630 2680 715 2737 soltus
725 2681 779 2754 ejus
793 2677 880 2750 (Paol-
893 2694 922 2743 ι,
936 2675 964 2751 8)
977 2696 984 2732 :
998 2693 1090 2735 nonno
1141 2682 1223 2740 ctiam
1236 2683 1359 2742 occidere
1372 2692 1498 2756 parentes
1508 2699 1573 2740 suos
1585 2685 1656 2739 inter
1675 2682 1813 2755 pediculos
1825 2690 1854 2740 cl
1865 2683 1940 2754 poli·

290 2769 446 2829 intelmntur
471 2774 552 2828 etiam
565 2771 616 2828 hoc
626 2771 707 2828 modo
714 2771 846 2842 imperitis
856 2770 910 2826 duo
919 2769 1091 2825 Testamenta
1141 2785 1188 2831 ces
1202 2776 1328 2845 potuerit,
1341 2790 1358 2832 a
1371 2790 1486 2847 quorum
1500 2775 1545 2832 isti
1560 2774 1748 2832 interiectione
1761 2789 1817 2830 uon
1830 2783 1940 2845 tempe·

288 2863 377 2921 rideri
390 2879 471 2936 posse
482 2866 628 2932 contrariu,
643 2865 712 2920 utin
729 2862 805 2919 Nouo
817 2861 985 2918 inveniamus
999 2860 1089 2916 zelum
1141 2876 1213 2926 rane.
1226 2868 1294 2938 Quid
1306 2869 1379 2926 enim
1393 2869 1435 2926 eis
1448 2867 1570 2940 prodest,
1584 2867 1656 2939 quod
1676 2865 1824 2938 aliquando
1839 2873 1943 2938 negant

290 2955 350 3025 Ilei,
366 2957 394 3014 in
408 2957 505 3014 Vetere
516 2955 646 3029 justitiam
662 2955 729 3012 licii
744 2955 814 3012 benc
834 2963 923 3010 autom
938 2952 1091 3024 intelligen·
1143 2976 1228 3032 usque
1242 2960 1275 3016 aq
1296 2961 1347 3017 isra
1359 2959 1539 3017 mimam
1557 2959 1703 3016 animm.
1716 2957 1818 3015 mom
1832 2958 1941 3015 mim„

289 3049 364 3107 tibus
377 3057 521 3123 utrumque
533 3051 560 3106 in
573 3059 687 3123 utroque
697 3062 793 3122 magna
805 3047 891 3104 suncti
902 3045 1018 3120 Spiritus
1029 3046 1091 3102 uni·
1143 3048 1274 3107 lrumanas
1289 3048 1386 3122 pessel
1400 3051 1456 3108 lloc
1466 3050 1539 3107 enim
1552 3059 1660 3122 negant,
1673 3063 1709 3106 ne
1722 3057 1777 3105 tam
1791 3048 1941 3105 multarum

292 3149 348 3200 tato
362 3153 389 3199 et
403 3158 469 3214 paco
481 3143 641 3200 concinere?
1143 3142 1359 3201 interfectionum
1379 3145 1418 3199 rei
1440 3151 1596 3210 teneantur,
1620 3150 1667 3198 aot
1685 3147 1816 3214 cogantm
1828 3153 1943 3210 parcere

295 3227 298 3236 '
333 3233 446 3292 CAPUT
474 3233 533 3291 1111.
552 3263 589 3277 -
608 3239 635 3290 t.
662 3233 701 3291 lle
724 3248 757 3292 co
783 3231 854 3304 quod
881 3231 1013 3305 scriptum
1037 3237 1091 3298 est,
1143 3233 1275 3308 pediculis
1286 3244 1314 3292 ct
1331 3235 1464 3309 pulicibus
1483 3244 1511 3292 et
1531 3233 1681 3299 cimicibus,
1700 3241 1730 3288 ct
1745 3239 1834 3288 tantm
1845 3229 1884 3285 ab
1897 3229 1940 3288 eis

296 3315 352 3383 nou
368 3339 430 3382 cssc
448 3324 663 3382 manducandum
676 3325 845 3398 sanguinem,
865 3324 935 3396 quod
953 3323 1043 3380 anima
1057 3322 1094 3379 sit
1144 3329 1283 3386 molestius
1302 3330 1361 3385 sine
1378 3328 1433 3385 nlla
1449 3327 1531 3384 credis
1551 3343 1645 3385 eorum
1665 3326 1772 3384 licentia
1792 3325 1943 3382 sustinere.

295 3417 385 3474 earinis
399 3417 507 3490 sanguis
522 3415 611 3489 (deut.
629 3433 678 3500 urg,
692 3415 755 3492 23).
777 3415 845 3472 lluic
861 3415 1001 3472 sententie
1016 3425 1092 3470 vete·
1145 3419 1213 3476 Nom
1231 3419 1406 3476 veliementer
1425 3428 1566 3490 urgentur,
1585 3433 1635 3476 eur
1657 3418 1685 3474 in
1709 3417 1878 3490 vulpeculam
1898 3430 1945 3474 re-

293 3508 333 3566 ris
358 3508 437 3582 Lrgis
461 3508 600 3566 llarriclrmi
625 3525 659 3566 cx
689 3509 836 3581 Evangelio
859 3507 924 3564 illud
952 3514 1095 3578 opponunt
1145 3511 1216 3567 rolri
1228 3513 1317 3568 anima
1331 3511 1446 3569 leumana
1464 3511 1560 3583 possit,
1578 3519 1606 3568 et
1619 3526 1673 3568 non
1687 3511 1772 3582 possit
1788 3509 1817 3565 in
1836 3515 1945 3565 mmte·

294 3595 366 3678 ¹quod
381 3601 510 3660 lloruimrs
521 3603 605 3672 dicit,
620 3617 675 3660 non
689 3619 750 3660 usse
763 3601 895 3659 timendos
907 3616 955 3660 cos
966 3601 1012 3674 qui
1023 3601 1096 3658 occi·
1144 3601 1215 3670 lam;
1229 3618 1291 3662 curn
1304 3604 1407 3660 catulus
1420 3603 1567 3675 vulpeculae
1580 3602 1694 3659 tortasse
1703 3601 1783 3657 etiam
1793 3599 1884 3657 minor
1894 3600 1942 3668 sit,

294 3695 362 3752 dunt
396 3711 514 3768 corpus,
540 3696 637 3751 strinmc
660 3703 751 3752 autem
777 3710 875 3752 nocero
900 3709 954 3752 non
980 3701 1095 3766 possunt
1146 3711 1332 3768 quummagna
1345 3697 1469 3753 mustela.
1488 3696 1626 3754 lleindesi
1645 3695 1672 3751 iu
1685 3694 1826 3752 mustelam
1840 3701 1942 3765 potest,

281 3788 403 3860 titano.
425 3805 453 3857 x,
477 3789 540 3860 18);
563 3797 591 3844 ct
615 3789 753 3860 disputant
773 3787 914 3845 dicentes:
934 3787 962 3844 Si
986 3787 1095 3860 sanguis
1146 3803 1194 3843 cur
1207 3787 1233 3843 iu
1247 3804 1350 3845 murem
1362 3787 1646 3861 nonpotostllitsiin
1659 3787 1739 3843 istum
1752 3781 1945 3857 potest,curiu

295 3879 384 3934 auium
398 3887 448 3946 cst,
463 3877 597 3949 quomodo
611 3878 734 3936 lromincs
749 3889 908 3949 potestatem
920 3878 946 3934 in
960 3893 1020 3934 caru
1040 3892 1095 3934 non
1146 3879 1297 3938 stellionem
1311 3899 1364 3939 nou
1377 3881 1486 3953 potest?
1498 3881 1565 3947 Etsi
1576 3880 1604 3936 in
1614 3894 1676 3936 eum
1686 3887 1785 3950 potest,
1799 3891 1849 3933 cur
1863 3875 1893 3932 iu
1904 3876 1946 3932 lo·

246 4034 249 4040 ¹
293 3965 406 4036 liabent,
431 3985 492 4026 cum
507 3969 541 4026 dc
562 3971 693 4040 mrrgninc
716 3971 798 4026 nmlta
821 3970 930 4038 sarciant,
945 3969 1001 4025 sire
1020 3969 1094 4025 cxci-
1147 3981 1250 4038 custam
1264 3989 1318 4028 non
1335 3973 1442 4045 potest?
1454 3971 1558 4031 Deinde
1571 3972 1598 4028 in
1611 3985 1704 4042 operm
1721 3969 1820 4025 deinde
1837 3969 1865 4024 iu
1881 3983 1947 4025 rnu-

295 4061 401 4132 picntes
413 4070 440 4116 ot
454 4061 564 4116 cornilius
577 4061 781 4131 volucribusque
795 4061 822 4114 in
835 4075 925 4116 escam
944 4075 1096 4130 proponcn·
1146 4080 1233 4134 sesne,
1247 4065 1345 4122 deinde
1365 4065 1548 4132 includerem,
1562 4072 1643 4134 atquc
1655 4061 1718 4118 inde
1733 4060 1855 4132 usquein
1871 4060 1947 4131 puli·

297 4161 349 4222 tcs,
372 4154 428 4210 sit'c
451 4153 630 4220 effundentes,
646 4163 693 4208 aut
711 4168 789 4209 coerto
804 4153 914 4224 lutoque
928 4149 1096 4206 miscenteet
1147 4170 1216 4221 cem,
1230 4164 1258 4211 et
1269 4156 1291 4212 si
1304 4157 1367 4228 quid
1386 4166 1430 4214 ege
1445 4157 1517 4213 aliud
1534 4153 1768 4220 multemipmins,
1781 4151 1948 4222 pervenire?

297 4245 360 4302 llaec
373 4245 444 4302 onim
459 4252 486 4300 ct
497 4245 548 4300 alia
564 4244 766 4300 innumerabilia
781 4241 1000 4300 sirrcdillicultatc
1010 4239 1096 4296 lrorui·
1147 4243 1199 4302 libi
1213 4247 1286 4302 cnim
1302 4247 1446 4302 terminum
1467 4247 1648 4314 constituant,
1662 4258 1717 4300 non
1729 4240 1871 4298 inveniunt
1883 4258 1891 4290 ε
1905 4248 1949 4293 at·

298 4351 348 4394 nos
360 4335 393 4392 rlc
413 4341 542 4408 sangnine
556 4345 669 4408 possunt
692 4320 790 4392 lacero.
812 4335 874 4391 lrlco
904 4333 949 4390 isti
970 4339 1097 4406 quaerunt
1148 4354 1201 4412 quc
1221 4340 1258 4396 ita
1277 4355 1327 4410 per
1342 4341 1422 4396 istam
1444 4339 1612 4412 nugatoriam
1632 4337 1817 4395 credulitatem
1833 4327 1853 4395 ¹,
1877 4345 1948 4386 con·

298 4425 468 4487 insultantes.
484 4427 628 4495 qnornmlo,
643 4426 666 4482 si
680 4426 788 4497 sanguis
801 4434 843 4481 cst
856 4425 958 4490 aninm,
971 4438 1023 4478 raon
1038 4437 1097 4496 pos·
1148 4431 1268 4488 getengtae
1278 4431 1384 4487 ntorum
1396 4429 1634 4490 mmmmm
1643 4424 1847 4485 pometum]
1856 4424 1949 4481 20010.

302 4517 465 4574 sithominis
480 4515 635 4572 interlector
648 4529 747 4571 nocero
761 4515 869 4583 animm,
883 4528 944 4569 cum
958 4521 1058 4568 tautum
1069 4512 1097 4568 in
1148 4521 1224 4578 ribus
1237 4520 1398 4578 obruamur,

300 4609 359 4681 ojus
382 4610 539 4680 sangninem
566 4605 662 4661 linirent
689 4615 859 4678 potestatem.
882 4603 993 4660 Addunt
1016 4604 1096 4660 ctiam
1185 4613 1213 4670 5,
1232 4611 1300 4669 Nm
1314 4627 1347 4668 οι
1357 4626 1392 4668 00
1401 4609 1474 4681 quoq
1484 4609 1613 4681 gcptpgpm
1625 4615 1679 4672 pgr,
1691 4606 1848 4679 „mim
1859 4619 1949 4679 meo-

300 4700 372 4774 qllotl
394 4701 431 4755 ait
453 4699 589 4770 aposlolus
603 4697 711 4760 Patulus,
734 4695 802 4766 Quin
821 4711 882 4751 cttl'd
899 4705 923 4750 el
936 4695 1041 4767 8111191111
1054 4709 1097 4750 le·
1148 4705 1189 4763 pig
1202 4704 1320 4761 animm
1338 4703 1399 4773 ejus
1418 4716 1499 4767 ως
1521 4709 1618 4772 pgaeoeg
1638 4699 1666 4757 jd
1688 4697 1761 4770 quod
1779 4711 1860 4769 ssipi!
1874 4696 1949 4765 dixi,

301 4809 380 4866 girum
391 4791 437 4846 llri
448 4806 497 4846 uon
511 4789 672 4864 possidebunt
685 4789 705 4860 (1
720 4785 779 4846 Cor.
795 4803 849 4854 xv,
863 4787 910 4857 so)
926 4802 933 4840 :
950 4795 977 4843 ct
994 4784 1097 4852 dicunt,
1149 4813 1205 4856 Μ
1218 4798 1252 4855 ,g
1267 4813 1312 4854 mg
1325 4795 1462 4867 „grum
1473 4792 1540 4866 ,μω
1551 4800 1646 4864 ,μω
1661 4791 1697 4848 qg
1711 4789 1816 4863 Μή,
1832 4789 1950 4856 2„ng

301 4883 331 4941 Si
344 4881 454 4956 sanguis
464 4893 504 4938 cst
518 4882 627 4948 unium,
642 4882 711 4936 sicut
726 4879 831 4952 liopscs
842 4877 925 4945 dicit,
939 4875 1012 4932 nullu
1024 4875 1099 4931 irruo·
1150 4905 1261 4967 mm
1280 4889 1361 4946 epm
1373 4888 1545 4961 ggggmgmg
1559 4893 1724 4958 mmm
1740 4882 1804 4940 Μ
1822 4881 1851 4938 j„
1866 4880 1951 4952 ,5300

303 4975 492 5032 nicturanima
506 4988 585 5045 posse
598 4987 709 5044 regnum
724 4971 771 5026 ilci
790 4967 914 5040 adipisci.
933 4966 981 5023 Cui
997 4965 1099 5022 calunt·
1149 4998 1212 5042 0350
1233 4982 1360 5054 Wgwm,
1378 4980 1438 5038 guo„
1454 4979 1527 5036 enim
1548 4977 1678 5034 pominus
1693 4973 1823 5031 dubitarit
1841 4967 1951 5039 dicere,

304 5069 357 5124 nim
370 5068 458 5141 primo
480 5066 516 5122 ita
536 5063 751 5136 respondendum
770 5069 821 5126 est,
845 5069 875 5115 ut
896 5058 946 5130 ipsi
969 5065 1099 5130 cogantur
1152 5073 1210 5130 ΗΜ
1222 5083 1258 5130 „p
1271 5089 1364 5145 ‘W'
1376 5087 1461 5128 m
1473 5069 1581 5146 (umes.
1594 5079 1672 5132 nrt,
1685 5061 1749 5138 26);
1762 5077 1825 5122 cum
1836 5063 1951 5136 signum

304 5159 448 5216 ostendero
468 5157 514 5214 uli
535 5157 662 5226 scriptum
688 5153 723 5209 sit
745 5153 771 5208 in
793 5150 868 5208 lilrris
888 5149 987 5206 ueteris
1007 5147 1097 5220 Legis,
1151 5165 1420 5232 fflgwmgfflg

307 5250 379 5322 qnod
391 5249 478 5305 auium
494 5249 609 5306 lurrnona
624 5244 733 5315 sangnis
750 5243 795 5298 sit.
810 5239 946 5312 Nusquam
959 5237 1031 5294 cuim
1047 5235 1100 5291 lroc
1186 5256 1214 5312 g,
1232 5252 1310 5322 Quod
1327 5261 1416 5309 ,mem
1436 5250 1474 5308 ,gg
1489 5248 1645 5323 gimpa,
1664 5245 1731 5306 cm
1742 5257 1767 5305 gg
1779 5245 1886 5320 “W
1903 5263 1951 5304 n,

306 5341 444 5399 invcnicnt
469 5340 495 5395 in
518 5340 562 5395 illa
582 5336 739 5407 Scriptum,
763 5347 843 5418 qnam
871 5331 988 5386 lacerare
1007 5327 1099 5385 miseri
1152 5362 1231 5422 W
1244 5343 1292 5400 pgr
1301 5361 1351 5400 m
1363 5342 1545 5416 mmm,-
1558 5342 1640 5399 guam
1654 5341 1682 5398 g„
1694 5341 1766 5413 μμ
1779 5340 1880 5397 qupgm
1893 5349 1952 5409 ω,

309 5428 434 5502 quamdiu
448 5439 587 5494 cruciantur,
610 5422 773 5481 nullomodo
791 5421 979 5494 permittuntur
1001 5417 1100 5474 intelli·
1153 5447 1215 5504 Nm
1235 5443 1388 5519 mg
1407 5445 1435 5499 ὁ,
1454 5443 1510 5510 3⁸54
1529 5441 1632 5513 W„
1650 5455 1731 5506 m,
1752 5437 1871 5508 mmm
1884 5449 1952 5490 m

311 5537 384 5594 gero.
397 5519 472 5588 Quod
489 5521 510 5574 si
529 5518 562 5574 de
575 5519 662 5574 antima
677 5518 792 5573 irunmnn
806 5513 870 5570 uilril
884 5511 936 5567 tulo
948 5511 983 5565 11ιί
999 5510 1099 5566 dictum
1151 5548 1211 5596 m
1224 5538 1307 5595 (cm
1320 5552 1357 5600 m
1370 5535 1417 5608 ὅ).
1433 5533 1468 5590 Eg
1477 5524 1557 5590 “5¹53
1568 5533 1597 5588 5„
1610 5530 1745 5588 wihus
1755 5528 1845 5586 mm
1854 5526 1954 5597 jum,

309 5623 363 5681 est,
377 5611 440 5684 quid
454 5609 486 5666 ed
500 5625 549 5665 nos
562 5611 686 5681 por-tinet,
705 5611 728 5666 si
741 5611 828 5665 anima
849 5607 954 5677 pecoris
973 5613 1020 5659 aut
1038 5601 1100 5660 ludi
1153 5629 1464 5702 mmmmm
1475 5625 1593 5684 summ
1600 5623 1775 5698 mmm
1785 5619 1840 5682 Μ
1851 5625 1953 5672 m

310 5705 344 5759 alr
360 5703 528 5758 interfectore
545 5709 642 5772 potest,
657 5711 703 5756 aut
714 5700 851 5772 possidere
864 5697 912 5754 ilci
922 5711 1035 5768 reguum
1045 5709 1099 5750 non
1290 5702 1300 5728 1

308 5796 414 5868 potrett
426 5793 479 5852 Sed
491 5793 553 5866 qnia
568 5793 602 5850 do
621 5792 716 5850 nninris
734 5807 860 5864 pecorum
879 5790 959 5849 nimis
977 5798 1041 5848 sunt
1056 5787 1101 5846 isti
1185 5795 1196 5828 ⁸
1213 5787 1324 5843 ttonuulli
1334 5793 1399 5851 itm,
1412 5782 1586 5839 credelitm
