4034 6334
691 717 947 785 ffluioiiettsts
966 722 1145 790 EPISCOPI

108 885 277 1046 bE
343 885 1010 1050 UTILITATE
1073 888 1698 1066 cumulatum

665 1127 745 1212 AD
782 1124 1166 1212 HONORATUM
1284 1112 1288 1124 ’

739 1296 877 1394 ιιιιοι
918 1315 1030 1396 eoos
1050 1282 1111 1450 ll.

794 1488 1032 1549 Μ

104 1615 187 1660 mm
197 1609 350 1662 minimos
359 1610 478 1684 disputat,
490 1609 626 1674 probatque
637 1609 703 1720 iffi
710 1605 831 1680 sacrilege
841 1615 870 1653 ue
880 1609 977 1656 temere
987 1609 1013 1656 iu
1026 1619 1071 1662 eos
1080 1613 1177 1674 iuuebl,
1188 1615 1230 1680 qul
1240 1615 1366 1670 αιιιοιιω
1373 1617 1432 1672 tide
1442 1621 1611 1674 memuetem
1621 1605 1732 1690 sequu-

77 1671 637 1746 tes,edur·vs·ter·ier·um·rntelllgeutiemseeei
704 1666 813 1718 subsidio
822 1672 968 1778 effluunt,
981 1668 1040 1744 dutu
1051 1685 1082 1725 ee
1096 1675 1384 1744 eodmcquemedun
1399 1680 1483 1736 tulum
1496 1685 1731 1774 eulmepeudptue.

77 1731 373 1797 sedtmpmosteudst
387 1727 828 1796 teuerestemeuurmperperameb
885 1727 1225 1802 mulereuctsreprebmdt

796 1857 1008 1904 *flmme-

55 1982 62 1994 “
109 1971 223 2030 eleut
242 1971 471 2031 petituri-t.
494 1971 731 2042 Quocoerllt'oltmc
744 1971 879 2028 Honorete
965 1973 993 2032 ι.
1013 1975 1062 2032 list
1075 1976 1157 2050 igitur
1177 1979 1245 2038 milti
1258 1981 1441 2054 propositum,
1456 1991 1486 2042 ui
1496 1984 1609 2056 probem
1623 1985 1730 2056 ubi,st

80 2063 174 2118 enim.
204 2064 353 2121 ilereicue
374 2074 400 2120 et
426 2065 548 2120 immicis
572 2065 695 2134 emens,
723 2081 775 2120 non
797 2063 876 2120 idem.
930 2067 1042 2134 possim,
1056 2067 1128 2138 quod
1141 2069 1280 2128 tinniebat
1293 2072 1725 2146 seerilegeeetemereiuuebeu-

82 2155 166 2224 lipcvir
176 2169 374 2230 argumentum.
388 2155 521 2225 Quomodo
531 2173 576 2229 per
586 2157 743 2214 ltmtrtoem
756 2156 878 2230 luperti—
930 2164 974 2212 tur
987 2157 1015 2214 in
1027 2161 1132 2232 eosqui
1145 2162 1284 2220 eatbolieae
1296 2163 1359 2222 ddei
1369 2167 1555 2225 auctoritatem
1566 2179 1724 2242 soquentes,

81 2265 123 2302 nes
142 2248 263 2322 deceptus
290 2251 408 2306 eouemit.
431 2249 633 2307 Manichaeorum
658 2251 753 2307 dictum
775 2251 802 2306 in
824 2263 878 2307 eum
929 2255 1072 2322 auteqtmm
1088 2251 1155 2308 illud
1167 2269 1271 2324 uerum,
1285 2256 1357 2326 quod
1367 2271 1432 2328 pure
1446 2266 1538 2316 menie
1549 2261 1726 2334 conspicitur,

80 2351 147 2396 sete
156 2341 311 2399 duetorem
323 2341 353 2400 si
365 2341 444 2411 mibi,
457 2341 604 2413 lionorete,
615 2358 697 2400 unum
712 2352 791 2416 etque
804 2341 876 2400 idem
928 2339 1028 2398 intueri
1041 2354 1155 2414 queant,
1170 2345 1307 2404 eredendo
1318 2349 1540 2421 praemuniuntur,
1548 2359 1576 2407 et
1589 2350 1727 2410 illumine-

80 2431 211 2490 vidcretm·
223 2449 297 2504 esse,
311 2434 465 2504 hereticus,
475 2441 503 2490 et
511 2433 624 2502 eredens
636 2433 769 2491 hereticis
782 2433 874 2501 bomo,
928 2441 989 2490 turo
1007 2448 1190 2508 preparentur
1207 2441 1273 2498 lieo.
1301 2441 1377 2499 Nosti
1395 2444 1478 2514 enim,
1500 2445 1646 2515 lionorete,
1672 2463 1729 2506 nou

81 2531 129 2581 tem
142 2525 234 2597 lingue
248 2538 333 2598 quem
347 2525 409 2582 stilo
423 2525 451 2582 in
472 2521 523 2582 b'ae
540 2539 620 2582 ceusu
632 2525 875 2597 conquiescendum
928 2523 1007 2580 aliem
1023 2525 1059 2582 ob
1072 2543 1181 2585 causam
1195 2544 1246 2586 nos
1259 2531 1287 2586 in
1300 2531 1366 2589 teles
1379 2531 1503 2592 bomines
1516 2535 1658 2603 incidisse,
1674 2538 1728 2595 nisi

80 2615 138 2671 mibi
151 2631 214 2674 mse
227 2616 388 2674 arbitrerer.
409 2615 486 2674 liuns
500 2631 564 2675 vero
582 2632 643 2674 eum
661 2616 732 2673 inter
744 2615 803 2674 baec
821 2614 875 2672 duo
927 2615 998 2686 quod
1009 2631 1041 2672 se
1053 2616 1189 2688 dicebant,
1201 2620 1313 2678 terribili
1322 2622 1481 2681 auctoritaie
1490 2628 1725 2698 seperate,mere¹

81 2708 222 2778 punmum
235 2709 364 2766 intersit:
386 2710 600 2782 quandoquidem
615 2709 757 2766 hereticus
770 2717 830 2777 est,
845 2717 875 2765 ut
927 2713 955 2763 et
966 2707 1080 2780 simplici
1095 2712 1199 2770 ratione
1212 2728 1260 2770 eos
1272 2713 1319 2787 qui
1337 2729 1368 2772 se
1380 2715 1475 2774 audire
1487 2717 1587 2775 uellem
1600 2717 1725 2778 introdu-

80 2816 132 2858 tuee
145 2801 200 2859 lert
211 2803 317 2873 opinio,
334 2801 379 2873 qui
391 2801 504 2874 alicujus
519 2800 674 2874 temporalis
688 2799 833 2868 commodi,
847 2805 875 2858 et
926 2807 1019 2859 cturos
1040 2801 1074 2858 ad
1088 2802 1184 2872 Deum,
1208 2813 1236 2861 et
1257 2821 1352 2864 errore
1364 2808 1438 2864 omni
1459 2807 1630 2867 liberaturos.
1654 2809 1725 2880 Quid

80 2893 190 2952 uterime
212 2893 308 2966 glorie
330 2893 546 2966 principatusque
564 2894 605 2950 sui
618 2893 719 2965 gretie,
738 2891 820 2948 lelsas
842 2905 874 2949 ec
926 2892 998 2947 enim
1011 2907 1055 2949 me
1067 2893 1139 2950 eliud
1151 2895 1273 2968 cogebat,
1288 2912 1374 2955 euuos
1385 2898 1443 2956 lere
1454 2914 1562 2970 novem,
1577 2909 1668 2973 spreto
1682 2917 1727 2960 re·

79 3000 157 3042 noves
170 2987 316 3058 opiniones
334 2986 380 3044 vel
394 2985 478 3059 giguit
495 2986 539 3042 vei
558 2985 694 3057 sequitur3
718 2983 764 3041 ille
783 2993 874 3040 autem
926 2983 1025 3058 ligione
1036 3001 1097 3057 oue
1109 2988 1175 3044 mibi
1186 2990 1324 3060 pueruloe
1337 2991 1492 3062 perentibus
1503 2993 1582 3050 insite
1591 3003 1660 3064 eret,
1675 2993 1726 3052 bo-

79 3079 119 3148 qui
133 3078 289 3150 hujusmodi
303 3077 457 3136 bominibus
470 3077 572 3145 credit,
587 3077 669 3134 bomo
683 3085 726 3134 est
744 3075 874 3149 integim-
925 3076 1012 3134 mines
1025 3077 1087 3134 illos
1104 3080 1180 3152 sequi
1195 3096 1228 3136 ac
1242 3081 1384 3154 diligenter
1397 3083 1491 3142 audire
1503 3085 1513 3156 l
1518 3085 1542 3155 ι)
1554 3101 1574 3160 ;,
1581 3085 1634 3142 nisi
1651 3086 1724 3159 quod

79 3172 146 3228 ione
157 3171 276 3244 quedem
296 3171 417 3228 veritatis
433 3185 466 3228 ac
481 3170 587 3242 pietatis
604 3170 717 3226 illusus:
740 3184 801 3226 eunt
817 3168 874 3226 lime
925 3182 975 3224 nos
985 3171 1175 3239 superstitione
1187 3175 1291 3243 terreri,
1303 3183 1330 3229 et
1343 3173 1422 3230 iidem
1433 3175 1723 3235 uobisenterationem

78 3277 138 3336 erpo
151 3267 190 3322 ite
199 3266 269 3332 sint,
281 3280 335 3322 non
351 3266 441 3336 putavi
455 3263 525 3336 epud
538 3273 566 3320 te
580 3262 712 3319 silendum
728 3275 798 3329 esse,
809 3259 874 3334 quid
925 3259 1051 3332 imperari
1060 3261 1191 3330 dicerent,
1203 3279 1233 3321 se
1244 3274 1333 3322 autem
1343 3266 1446 3322 nullum
1454 3283 1578 3339 premere
1586 3269 1621 3325 ed
1629 3267 1722 3338 fldem,

78 3357 140 3412 mibi
152 3355 188 3414 de
202 3355 365 3412 inveniende
385 3370 417 3412 ec
438 3353 578 3411 retinenda
596 3353 710 3410 veritate
731 3349 872 3418 videatur;
925 3349 978 3406 nisi
991 3352 1064 3422 prius
1084 3352 1204 3410 discusse
1218 3363 1246 3411 et
1259 3355 1373 3412 enodate
1387 3357 1520 3414 veritate!
1533 3358 1599 3428 Quis
1612 3375 1666 3416 non
1680 3357 1724 3418 bis
1816 3377 1824 3388 ·

78 3448 167 3518 uultus,
183 3455 215 3503 ut
225 3447 290 3514 seis,
304 3447 339 3504 eb
349 3447 459 3504 ineunte
473 3444 653 3502 adolescentia
667 3458 764 3516 magno
780 3458 873 3501 amore
925 3440 1160 3513 pollicitationibus
1185 3444 1347 3516 illiceretur,
1374 3448 1523 3520 presertim
1545 3449 1724 3507 adolescentis

78 3541 255 3614 degrevimus.
271 3539 326 3598 sed
337 3555 381 3598 res
393 3547 434 3597 est
447 3539 525 3611 louge
537 3547 640 3596 remote
653 3551 669 3594 a
683 3551 812 3593 tenorum
825 3535 874 3594 bo-
924 3534 1034 3590 animus
1051 3535 1163 3607 cupidus
1182 3537 1250 3606 veri,
1271 3538 1353 3594 etiem
1372 3539 1560 3597 nonnullorum
1584 3541 1612 3597 iu
1629 3541 1724 3598 sobole

78 3633 174 3688 minum
190 3631 340 3698 mentibus,
362 3630 409 3703 qui
424 3629 503 3687 nimis
516 3629 543 3686 in
558 3627 617 3686 haec
635 3627 786 3700 corporolia
808 3642 872 3699 pro-
924 3624 1065 3683 ductorum
1078 3625 1216 3684 bominum
1235 3629 1458 3700 disputationibus
1471 3631 1602 3702 superbus
1620 3640 1648 3688 et
1661 3645 1724 3702 gar·

78 3727 159 3798 gressi
169 3735 254 3797 atque
266 3723 346 3796 lapsi,
360 3721 426 3780 nibil
438 3721 509 3779 aliud
519 3730 613 3794 putant
626 3735 697 3787 esse,
711 3735 791 3792 quam
801 3719 873 3790 quod
925 3719 1019 3774 ruius:
1035 3718 1141 3789 qualem
1155 3733 1199 3775 me
1214 3729 1277 3775 tunc
1299 3720 1339 3775 illi
1358 3719 1533 3787 invenerunt,
1547 3732 1722 3793 spernentem

79 3817 133 3872 istis
143 3817 268 3889 quinque
283 3814 430 3872 notissimis
446 3813 546 3870 nuntiis
560 3813 680 3884 corporis
694 3812 830 3878 sentiunt;
846 3819 874 3868 et
925 3813 1026 3870 scilicet
1045 3813 1119 3884 quasi
1143 3814 1229 3870 eniles
1249 3813 1368 3879 lebulas,
1389 3814 1463 3870 stab
1485 3815 1526 3871 eis
1546 3814 1720 3888 promissum,

77 3923 138 3980 ques
158 3905 254 3964 abbis
276 3905 369 3979 plagas
387 3913 467 3977 atque
481 3905 610 3976 imagines
629 3911 807 3976 acceperunt,
827 3917 873 3960 ees
925 3915 1046 3978 apertum
1059 3913 1087 3961 et
1099 3905 1232 3961 sincerum
1244 3920 1338 3961 verum
1352 3914 1444 3962 tenem
1457 3913 1537 3978 etque
1552 3906 1720 3964 beurirecu·

77 4013 161 4056 semum
176 3998 311 4066 volvunt,
325 3997 406 4054 etiam
418 4011 479 4052 eum
492 4005 622 4052 conantur
640 3994 769 4052 recedere
782 4008 798 4051 a
811 3999 873 4052 sen·
924 3997 1061 4069 pientemt
1083 3995 1138 4054 Sed
1151 4011 1211 4068 quae
1225 4012 1330 4054 rursum
1342 3998 1411 4054 retio
1423 3998 1587 4068 reuocabat,
1602 4013 1637 4056 ne
1649 3997 1722 4071 apud

76 4089 159 4158 sibus;
173 4097 204 4146 et
224 4103 259 4147 ex
272 4103 366 4144 earum
390 4085 528 4144 mortifere
549 4095 576 4144 et
597 4085 767 4143 fallacissima
781 4085 872 4158 regule
924 4105 972 4149 eos
984 4091 1091 4163 penitus
1105 4091 1252 4158 haererem,
1269 4099 1299 4146 ut
1317 4105 1361 4148 me
1376 4092 1403 4148 io
1416 4091 1560 4163 illogredu
1574 4107 1655 4164 quem
1673 4107 1722 4149 uo-

76 4183 218 4240 inednbilie
241 4181 390 4255 penetralia
413 4181 532 4238 veritalis
557 4181 707 4262 rectissime
727 4195 758 4238 se
783 4179 873 4238 metiri
924 4191 986 4240 catut
999 4183 1158 4239 Auditorum
1172 4191 1301 4250 tenerem,
1314 4181 1436 4252 uthuJ'us
1450 4181 1542 4238 mundi
1553 4197 1629 4255 spem
1639 4191 1722 4256 atque

77 4285 176 4346 pumnt
196 4273 273 4332 rubii
291 4282 335 4332 est
352 4273 467 4340 lucilius,
482 4273 708 4342 nichauome,
723 4287 805 4344 quam
818 4287 872 4330 non
925 4275 1031 4348 negotia
1045 4289 1099 4332 non
1114 4275 1293 4342 dimitterem
1309 4275 1360 4330 nisi
1374 4275 1444 4346 quod
1460 4274 1533 4346 ipsos
1544 4290 1650 4347 quoque
1663 4275 1722 4332 eni-

76 4369 155 4424 solum
170 4383 203 4425 se
216 4369 326 4435 dicere,
339 4365 387 4424 sed
400 4365 480 4423 etiem
494 4363 597 4438 opinari
609 4379 703 4422 verum
715 4365 870 4422 inuenisse:
925 4367 1124 4424 madvertebem
1149 4367 1208 4440 plus
1235 4367 1262 4422 in
1290 4366 1443 4423 refellendis
1472 4367 1532 4422 aliis
1554 4366 1669 4424 disertos
1693 4375 1723 4425 et

76 4463 117 4518 sod
131 4477 215 4535 quem
227 4461 318 4532 reipsa
334 4458 520 4516 difficillimum
532 4459 585 4526 sit,
600 4471 739 4530 agnosces,
757 4465 787 4514 ut
806 4472 873 4514 con·
924 4462 1048 4534 copiosos
1059 4475 1130 4529 esse,
1141 4475 1222 4532 uuam
1235 4460 1262 4516 in
1273 4459 1331 4516 suis
1340 4458 1485 4531 probandis
1495 4457 1586 4516 tironos
1595 4468 1624 4516 et
1632 4468 1722 4518 certos

76 4553 134 4622 lide,
145 4553 380 4610 bislitterismeis.
389 4545 663 4622 Quaeuitibiprosint,
672 4547 872 4607 euteertenihil
924 4554 1054 4611 manere?
1066 4553 1119 4610 Sed
1132 4553 1168 4611 tle
1180 4569 1225 4610 me
1237 4553 1301 4625 quid
1314 4552 1421 4619 dicam,
1439 4553 1483 4624 qui
1502 4553 1557 4624 jam
1571 4553 1721 4610 catholicus

76 4645 179 4713 obsint,
195 4645 377 4716 omnibusque
391 4643 501 4701 omuino
521 4656 634 4716 quorum
648 4643 676 4698 iu
696 4657 790 4699 manus
804 4642 872 4699 torte
924 4646 1085 4704 christianus
1104 4645 1198 4702 eremi
1212 4660 1272 4717 que
1288 4660 1358 4701 nunc
1377 4645 1458 4702 ubera
1472 4645 1502 4714 ¹,
1523 4645 1720 4717 postlongissi-

74 4737 247 4806 devenerint,
271 4746 299 4794 et
319 4737 410 4809 rogeri
423 4736 523 4804 Deum,
544 4743 578 4792 et
593 4749 675 4808 rogo;
690 4741 719 4792 et
735 4749 815 4806 spero
836 4736 872 4791 ita
924 4755 995 4797 mem
1010 4741 1081 4796 sitim
1098 4755 1166 4812 pene
1179 4737 1324 4795 erlinustus
1336 4747 1416 4809 etque
1429 4737 1520 4795 aridus
1532 4739 1554 4808 ⁸,
1568 4747 1623 4795 tote
1634 4738 1720 4794 avidi-

73 4829 136 4898 lore,
147 4832 254 4890 sibene
265 4829 332 4886 mibi
346 4829 470 4886 conscius
484 4843 554 4900 sum,
565 4827 638 4900 quod
650 4827 684 4884 ed
697 4829 768 4885 bunc
780 4827 871 4885 stilum
924 4842 978 4889 tate
989 4831 1112 4903 repetivi,
1126 4844 1212 4902 euque
1225 4830 1304 4886 altius
1316 4828 1385 4886 licus
1397 4839 1426 4886 et
1437 4844 1547 4901 gemens
1560 4828 1683 4887 concussi
1692 4835 1721 4884 et

73 4926 114 4995 pio
126 4935 154 4983 et
165 4923 293 4982 oliicioso
311 4925 420 4992 animo,
434 4937 489 4982 non
500 4923 563 4980 ueni
574 4921 692 4982 nominis
708 4922 871 4995 appetitione
923 4921 1043 4994 expressi
1054 4963 1062 4990 ,
1073 4929 1103 4977 ut
1114 4920 1142 4976 id
1154 4929 1274 4979 maneret
1286 4919 1358 4992 quod
1372 4919 1438 4976 milti
1449 4919 1489 4976 sic
1507 4919 1604 4977 adecto
1621 4919 1655 4974 ad
1674 4931 1720 4973 re-

51 5081 54 5088 ,
73 5031 102 5074 ec
114 5018 268 5093 nugatorie
278 5015 466 5076 ostentationis
479 5016 591 5074 accessi.
923 5013 1086 5070 creationem
1099 5011 1165 5069 setis
1179 5027 1238 5069 esse
1253 5019 1354 5082 posset,
1367 5021 1395 5070 et
1406 5010 1440 5069 ad
1451 5026 1528 5085 spem
1538 4998 1718 5068 reducendam
1742 5069 1756 5124 s

662 5123 806 5165 eouonrnto
825 5123 866 5164 tu.
886 5119 1126 5163 uennutcrmoeuu.

100 5203 133 5254 m
150 5201 336 5255 emmeramum
357 5201 447 5253 turum
468 5199 502 5252 uo
522 5169 628 5251 uuttu'to
649 5198 767 5250 emerat
788 5199 827 5248 nst
846 5209 931 5250 sumus
951 5195 1075 5247 mecetius
1092 5201 1145 5246 nm
1169 5194 1288 5245 vectem
1308 5195 1432 5260 quinque,
1453 5192 1578 5266 ostrinos
1601 5197 1716 5256 mptum,
1744 5186 1748 5194 ’

75 5267 200 5326 namium
212 5265 381 5324 Germeueusl,
389 5263 538 5324 corbeieml,
549 5259 699 5321 tilebselino,
710 5261 875 5323 (isterueusi,
885 5259 1038 5312 laudunensi
1053 5257 1153 5320 mulmis
1165 5255 1288 5319 Ecclesiae,
1299 5263 1328 5308 et
1338 5255 1473 5320 exemplari
1482 5254 1574 5326 domini
1587 5253 1621 5304 de
1637 5261 1717 5306 lieren

71 5327 203 5454 Quis,
220 5325 535 5378 veriisettemleettouibus
550 5325 624 5376 trium
640 5321 847 5388 beluiemumper
863 5323 1026 5374 lovanienses
1040 5317 1162 5384 vulgetis,
1180 5330 1209 5370 ee
1224 5317 1322 5370 tandem
1341 5317 1717 5381 oddonibusmuquisecprm·

109 5474 372 5557 Gomporoot'mtte
383 5479 534 5555 proteres
544 5489 593 5534 eos
610 5485 713 5532 munes
727 5468 878 5534 editiones
892 5468 987 5534 t‘nt'tv'o
1003 5467 1092 5532 lleir.
1102 5467 1298 5567 siticulose,
1310 5474 1335 5528 ι.
1351 5465 1381 5543 ι,
1395 5469 1590 5526 mmmmm
1631 5460 1677 5526 tt.

100 5577 111 5610 ¹
126 5575 380 5640 numinenumine
391 5573 424 5625 eli
442 5582 484 5626 uot
493 5583 555 5634 tiss„
566 5587 641 5626 amru.

100 5635 626 5761 :ffiffldbpmimfflmonssstedm
638 5636 773 5700 etluttss,
784 5645 839 5701 neo
848 5634 1014 5701 mmmmm
1023 5634 1112 5688 nune
1121 5641 1192 5696 voce,
1207 5625 1329 5682 retae.

100 5761 769 5894 {glffiwffllssnmuentt

1798 1069 1805 1079 ι

1719 1235 1724 1245 n
