4034 6334
181 5374 185 5382 ·
252 5341 411 5388 transeunte
433 5328 547 5383 Domino
570 5325 680 5385 dicunt,

247 311 317 380 llos

245 451 334 494 suom.
356 436 440 508 Quem
455 437 541 508 primo
555 436 652 492 lactum
664 432 750 514 dixit,
764 439 855 503 postca
869 431 1035 504 unigenitum

246 510 480 580 appellarit:·ltem
495 509 547 562 alio
566 508 624 562 loco
644 505 683 560 sic
701 504 787 559 dixit:
804 503 886 559 Filius
905 504 1038 560 benedicti

246 573 295 637 Dci
309 593 387 652 atque
409 581 485 634 horre
500 578 662 642 voluntatis,
679 575 755 646 cuius
767 589 863 630 nomen
879 590 933 630 non
949 585 1040 644 potest
1060 613 1064 619 .

244 649 364 716 latiniano
388 666 436 707 ore
458 649 570 704 narrari.
586 647 751 716 Quaerebas,
765 661 883 718 pagane,
898 647 1039 716 conjugem

245 723 314 778 Dei?
328 722 394 778 Audi
405 720 564 777 Mercurium
579 737 586 774 ε
608 733 669 789 para
684 717 818 784 lrontem,
832 725 859 772 et
866 717 959 788 excipe
974 718 1040 788 lapis

245 793 361 864 lapidem
373 811 378 846 :
394 793 471 859 cade,
487 799 515 845 ιιι
526 791 651 873 erigaris3
666 789 799 860 lranqere,
811 796 841 844 ut
853 787 1038 855 confirmeris;

245 865 397 930 destruere,
411 872 442 918 ut
457 861 595 924 aerliiieerts
611 877 618 914 ι
632 859 700 916 ictus
714 859 810 930 lapidis
822 875 875 914 noo
897 867 984 914 cutem
997 859 1040 914 di-

245 935 320 990 vidat
333 934 438 1000 lrnntls,
450 949 503 988 non
515 948 609 988 uenam
623 940 730 1001 rumpat
739 930 891 999 sauguinis,
907 943 959 983 non
973 945 1039 999 ape·

244 1007 297 1060 rint
313 1005 415 1060 luteam
428 1004 561 1070 uulneris,
573 1003 620 1058 sed
633 1003 737 1074 signum
756 1000 836 1062 laeiat
853 1001 948 1056 crucis.
963 999 1037 1055 Con·

257 1079 335 1144 oge‘m
357 1076 404 1133 Dei
428 1075 543 1146 queris?
562 1074 709 1144 Ahjieiatur
722 1087 754 1128 ex
774 1070 855 1126 eorde
878 1079 945 1137 tuo,
960 1085 1037 1142 rogo,

256 1160 350 1217 mpura
362 1148 489 1219 pravitas.
505 1144 605 1216 Coniux
620 1145 669 1200 Dei
684 1145 752 1200 hona
767 1142 891 1198 voluntas
903 1149 954 1197 est.
969 1140 1040 1210 Quo·

244 1217 327 1276 modo
345 1229 433 1276 autem
454 1225 528 1288 palor
540 1217 575 1272 sit
589 1215 675 1278 Deus,
690 1224 717 1270 et
738 1211 820 1268 lilius
840 1213 919 1278 Deus,
932 1227 982 1268 nec
997 1222 1039 1266 ta·

245 1305 309 1347 men
322 1289 376 1348 duo
389 1291 436 1356 dii,
450 1288 497 1346 sed
512 1301 580 1362 omps
594 1286 630 1341 sit
641 1287 722 1352 Deus,
739 1293 825 1340 tecum
839 1283 974 1354 disputare
984 1298 1038 1339 non

245 1361 332 1418 debeo
354 1362 437 1430 ;quia
461 1359 512 1415 uisi
535 1356 689 1422 credideris,
714 1354 862 1424 intelligere
885 1353 1039 1410 nullatenus

246 1433 359 1503 poteris.
375 1431 408 1487 Et
424 1442 513 1488 tamen
530 1429 627 1484 Filium
639 1427 685 1484 Dei
705 1427 788 1482 Deum
802 1425 811 1457 ¹
825 1427 921 1481 latetur
934 1424 1038 1480 hereu-

246 1503 313 1558 rius.
331 1503 388 1560 Hoc
400 1503 486 1570 lapide
499 1513 651 1571 percussus,
664 1498 785 1568 lapideus
798 1495 903 1552 desinat
914 1509 976 1552 esse
991 1511 1038 1550 sa-

246 1574 373 1645 crilegus.
388 1573 534 1628 Audiamus
553 1568 616 1640 quid
629 1571 709 1624 etiam
724 1567 825 1640 Sibylla
844 1576 917 1621 rates
944 1581 1038 1622 eornm

246 1645 281 1700 dc
295 1645 390 1700 cudent
412 1645 500 1700 dicat:
520 1641 616 1705 Alium,
636 1639 730 1710 iuquit,
745 1639 817 1696 dedit
830 1637 900 1692 Deus
914 1635 973 1692 liliis
987 1638 1038 1693 ho-

246 1716 349 1770 minurn
362 1717 372 1748 ¹
383 1715 535 1770 colendum.
549 1711 681 1780 Quantum
696 1717 818 1780 apparet,
832 1707 858 1762 in
873 1707 914 1762 his
929 1716 1039 1764 senten-

247 1785 293 1842 llis
312 1785 433 1841 llercuril
452 1795 478 1840 et
495 1783 612 1854 Sihpllae,
639 1780 770 1837 sabellius
791 1780 871 1835 etiam
892 1777 1037 1851 judicatur.

248 1853 397 1912 llereurios
407 1866 434 1912 ct
445 1855 552 1912 Patrem
565 1853 648 1908 Deum
659 1851 724 1907 dicit
737 1862 764 1908 ct
773 1849 869 1906 Filium
882 1865 889 1902 ι
911 1858 939 1903 ct
950 1847 1039 1922 Sibyl·

247 1925 352 1982 ladieit
367 1927 448 1982 Deum
460 1926 550 1981 alium.
567 1922 699 1980 Sohellius
712 1922 777 1978 dicit
791 1937 842 1976 non
857 1919 949 1984 alium,
974 1922 1036 1990 quia

247 1997 370 2052 cooxdem
386 1997 492 2052 Patrem
506 1996 600 2052 asserit
614 2007 675 2050 esse
689 2008 768 2065 qoem
779 1991 885 2048 Filium.
897 1989 1035 2060 Optimum

246 2068 325 2124 valde
339 2077 398 2134 est,
412 2069 434 2122 si
448 2067 527 2124 ttrodo
541 2081 593 2122 next
607 2080 689 2122 unum
713 2071 830 2128 tantum,
846 2061 988 2119 sedetiam
1002 2063 1036 2118 ad

246 2138 579 2210 qrrantnscuxuquernissos
589 2133 1036 2206 pervenirepotueritadxersarlos,

246 2225 301 2265 utro
310 2210 363 2266 ietu
376 2209 563 2281 percutiamus.
578 2209 642 2263 ltem
656 2206 756 2277 Sibylla
769 2205 832 2261 dicit
845 2222 852 2259 ε
864 2203 952 2274 lpsum
964 2206 1052 2258 ιιιιιιιιΙ

247 2295 378 2351 cognosce
397 2281 538 2336 Dominum
549 2279 560 2312 ⁸
573 2279 618 2335 Dei
635 2277 730 2334 Filium
743 2291 812 2332 csse.
838 2273 934 2331 Versus
950 2275 1000 2329 iste
1012 2280 1051 2330 et¹

247 2349 383 2422 Daganum
404 2353 525 2420 increpat
543 2359 570 2406 et
588 2349 718 2406 iudana.
735 2349 796 2404 Alio
809 2348 868 2403 loco
881 2345 977 2402 Filium
993 2345 1048 2415 Dei,

247 2429 375 2492 σιμιιιιοι
397 2423 526 2494 appellat,
552 2421 578 2476 id
600 2428 658 2484 est,
682 2418 842 2484 consilium,
858 2417 898 2474 vel
915 2416 1040 2472 consilia-

176 2521 182 2528 ·
247 2494 329 2550 rium.
344 2495 376 2550 ht
398 2495 528 2564 propheta
542 2491 622 2558 dicit,
643 2489 777 2546 Vocabitur
790 2505 881 2544 rtornea
902 2487 968 2560 ejus,
984 2487 1039 2540 Ad·

247 2567 381 2632 ttrirodilr'r,
392 2564 563 2628 contritiorittt,
579 2563 649 2616 Dent
657 2563 731 2634 [ortis
740 2571 763 2615 ct
775 2570 862 2632 potens
871 2557 936 2631 (lrot'
948 2573 985 2623 rr,
998 2557 1037 2629 6).

248 2635 297 2692 llic
318 2637 432 2692 Ariaous
450 2636 588 2707 arguitur,
604 2634 648 2704 qui
673 2648 733 2688 cum
751 2632 815 2687 dicit
838 2631 968 2684 xuixxorcm
991 2629 1039 2684 Dei

248 2703 355 2774 Filium,
369 2708 432 2764 dicit
442 2705 585 2775 aliquando
596 2705 677 2760 Deum
693 2719 745 2758 trun
759 2702 885 2758 habuisse
898 2699 990 2753 hlium.
1005 2700 1038 2754 Et

248 2779 271 2833 si
287 2779 334 2834 luit
351 2779 409 2835 sino
428 2779 502 2840 lilio,
518 2777 567 2832 luit
587 2777 645 2830 sinc
665 2774 786 2830 consilio.
801 2773 871 2828 Ecce
891 2771 924 2824 ad
942 2780 1040 2841 quanta

248 2849 365 2920 pericula
385 2863 568 2918 provocamur.
588 2844 640 2902 sou
657 2847 717 2914 quia
739 2845 809 2900 Deus
828 2858 962 2912 nunqnam
990 2841 1039 2895 luit

248 2921 307 2976 sine
322 2919 445 2988 cuxxsiliu,
460 2920 540 2975 etiam
555 2917 754 2974 contradicente
767 2916 885 2980 Ariane,
902 2927 1036 2982 uunquam

249 2989 328 3047 Pater
343 2992 428 3061 potuit
439 3005 500 3046 esse
514 2991 572 3044 siae
582 2988 660 3044 Filio.
671 2985 738 3056 Quid
747 2987 812 3056 agis,
825 2983 943 3054 paganel
958 2982 1040 3051 Aperi

248 3077 338 3128 aures,
355 3063 408 3116 nuli
419 3074 479 3116 osse
491 3060 558 3116 sieut
573 3058 644 3128 aspis
659 3057 747 3120 surda,
760 3071 818 3124 quac
829 3055 935 3110 obturat
948 3068 1041 3107 aurern

249 3149 284 3187 rte
296 3133 387 3188 autiiat
402 3145 495 3186 rocem
511 3129 671 3186 incantantis
686 3126 773 3198 (Psoi.
789 3141 851 3192 rau,
869 3125 908 3192 5).
925 3121 981 3178 Νοιι
994 3124 1040 3178 tihi

249 3212 455 3259 meosauctores
472 3201 596 3271 prulero;
611 3209 670 3254 turts
682 3207 723 3253 est
743 3197 898 3258 Mercurius,
914 3195 956 3254 cui
971 3196 1042 3249 inter

249 3275 315 3330 deos
328 3282 418 3330 tantos
437 3273 521 3326 hortor
538 3271 678 3339 cultosque
698 3282 713 3322 a
735 3268 810 3323 vohis
823 3266 927 3323 delatus
938 3273 997 3330 est,
1014 3274 1042 3318 ιιι

249 3347 307 3416 ejus
327 3346 433 3400 nomine
447 3343 519 3398 diem
532 3341 671 3396 vocaretis.
690 3339 776 3409 lpsum
787 3338 857 3405 audi,
870 3338 926 3407 ipso
937 3346 963 3391 te
974 3349 1041 3390 curi·

248 3419 354 3478 vincat.
365 3417 422 3486 ipse
442 3421 593 3484 expugnem
611 3419 638 3467 nt
657 3427 716 3465 euru
733 3410 881 3470 revicerit,
899 3407 935 3462 illi
950 3405 1041 3471 cedas,

248 3498 277 3543 ct
288 3489 352 3544 mihi
362 3486 465 3543 credas.
477 3485 624 3540 Mercurius
637 3482 724 3537 dixit:
740 3479 840 3536 Dilexit
854 3479 922 3534 Deus
944 3477 1043 3548 Uniqe

248 3562 333 3614 nitom
356 3573 443 3613 suom.
465 3554 524 3627 lpse
536 3555 603 3610 dixit
618 3572 626 3609 ι
641 3553 722 3607 Filios
737 3549 870 3606 benedicti
891 3547 938 3603 Dci
960 3556 1041 3616 atque

248 3631 326 3702 Donat
341 3629 494 3684 uoluntatis.
507 3627 541 3682 Et
553 3643 586 3680 ne
596 3625 630 3680 dc
643 3623 703 3694 ojus
717 3623 825 3678 nornine
838 3618 944 3675 laedium
960 3617 1044 3672 inter·

249 3701 395 3772 rogationis
406 3700 560 3764 sustineret,
574 3705 681 3754 secutus
695 3693 816 3762 adjnnxit
828 3710 835 3746 ι
848 3690 931 3760 Cujus
944 3703 1042 3743 nomen

249 3787 303 3829 non
318 3781 404 3841 potest
417 3771 533 3826 humano
543 3783 589 3826 ore
603 3765 714 3822 narrari.
728 3764 795 3832 Quid
810 3774 847 3828 to,
862 3759 993 3824 llcrcuri,
1010 3759 1044 3813 ah

249 3841 402 3898 hominihus
420 3842 488 3898 dicis
510 3853 607 3895 immeo
624 3837 671 3892 Dci
686 3835 746 3890 lilii
761 3832 863 3889 narrari
878 3846 931 3885 nou
943 3830 1044 3900 posset

249 3916 272 3969 A
287 3925 311 3968 te
323 3922 455 3978 narretur,
471 3912 515 3982 qui
530 3926 583 3966 non
596 3909 688 3975 honlo,
701 3907 748 3962 sed
763 3905 831 3960 deus
844 3902 877 3956 ah
889 3900 1042 3955 hornioihus

251 3985 401 4040 aestimaris.
426 3983 557 4052 Loquitur
578 3988 666 4036 autem
681 3977 713 4032 ad
728 3976 824 4032 Filium
837 3988 914 4029 suum
928 3971 1042 4026 dicens:

250 4056 299 4110 Est
311 4063 410 4110 autem.
423 4052 510 4121 Quis?
525 4050 586 4106 Filii
601 4047 785 4104 inenarrabilis
803 4059 892 4102 sermo
905 4041 1045 4112 sapientire

250 4125 363 4183 Sancite
383 4133 491 4180 sanctus
500 4122 522 4176 1.
542 4117 697 4176 Nenneltoc
711 4124 769 4185 est,
786 4115 819 4170 ln
840 4114 966 4186 principio
991 4121 1046 4166 crat

254 4197 364 4253 Verium
377 4195 467 4267 licon.
480 4209 499 4260 t,
514 4191 556 4262 lit
572 4191 627 4257 Dic,
639 4189 761 4254 lictores,
774 4201 862 4243 sermo
876 4187 926 4238 iste
936 4183 1044 4252 sapien·

250 4271 295 4324 tiae
310 4267 390 4324 hahet
412 4263 545 4322 matrem?
559 4261 704 4332 Sequitur:
727 4259 764 4314 De
786 4258 844 4312 solo
864 4257 919 4312 Deo
932 4253 1046 4309 Domino

250 4350 300 4404 cst,
318 4337 442 4394 omnibus
456 4336 611 4392 dominante
632 4332 687 4386 Deo
704 4328 870 4384 ritortalihus.
883 4325 917 4380 Et
936 4323 999 4395 qnia
1012 4325 1047 4380 all

250 4411 403 4465 hominihus
417 4405 535 4478 indagari
551 4419 604 4461 non
620 4411 725 4473 potest,
741 4399 813 4455 addit
824 4407 851 4454 et
862 4397 927 4453 dicit
938 4413 944 4451 :
957 4397 1045 4460 Super

250 4481 373 4538 homines
383 4489 434 4535 est.
447 4479 518 4550 Ergo
527 4477 588 4546 quia
600 4489 680 4543 super
692 4472 813 4526 homines
824 4477 874 4535 est,
886 4481 983 4522 nomen
999 4465 1047 4520 Fi-

252 4555 280 4610 lii
296 4553 343 4609 Dei
359 4566 469 4607 narrare
479 4563 536 4609 ¹nou
551 4561 669 4616 possum,
681 4544 741 4614 qula
756 4543 822 4597 deos
839 4555 892 4594 non
905 4553 964 4593 sum
980 4555 987 4591 :
1003 4537 1047 4591 di-

250 4633 315 4680 eant
336 4623 459 4678 homines
481 4617 557 4691 qnasi
585 4615 708 4672 homines
732 4612 803 4683 quod
830 4627 883 4665 nou
909 4623 979 4674 sirm,
997 4621 1048 4677 eqo

250 4708 370 4766 agnosco
384 4693 455 4766 quod
468 4705 538 4746 sum.
552 4688 646 4744 Sermo
664 4675 844 4754 sapientla'de
858 4681 915 4736 solo
930 4681 982 4733 ileo
995 4688 1036 4732 est

251 4767 310 4822 Non
325 4781 388 4836 erqo
405 4764 451 4828 ihi,
468 4775 579 4832 pagane,
591 4757 736 4810 hrtrnanmn
748 4753 892 4822 suspiceris
905 4758 950 4805 aut
962 4748 1047 4818 hoigar

252 4836 336 4892 luisse
347 4835 501 4906 eonjugium
519 4849 525 4882 ε
540 4830 574 4886 de
584 4829 641 4884 solo
655 4826 711 4880 Deo
725 4835 775 4891 cst,
790 4833 816 4878 et
829 4837 909 4891 super
926 4820 1049 4874 homines

250 4917 304 4963 ost.
325 4907 447 4976 luerepnt
463 4914 488 4958 te
500 4901 601 4972 Sibylla
613 4899 718 4961 dicens,
730 4895 818 4966 lpsnm
831 4903 906 4948 tuum
917 4903 1050 4960 cognosce

252 4978 396 5034 Dominum
412 4975 459 5030 Dei
471 4973 569 5028 Filium
583 4985 644 5026 esse
658 4968 741 5021 Deum
754 4983 761 5021 ι
776 4965 873 5032 ipsum,
888 4975 941 5016 non
955 4961 1055 5024 alium,

252 5067 306 5107 non
322 5049 431 5104 llartetn
445 5087 452 5111 ,
465 5060 518 5100 non
531 5041 635 5100 iurem,
653 5054 704 5092 nou
721 5035 897 5096 Alercuriunr,
911 5032 957 5086 sud
970 5047 1050 5102 quent

252 5122 397 5178 conhtetor
411 5114 570 5172 heremias.
588 5109 657 5178 Quid
677 5107 795 5170 miraris,
810 5106 965 5168 christiane,
981 5100 1052 5170 quod

253 5193 315 5248 talia
330 5191 372 5246 isti
383 5189 417 5244 de
430 5188 511 5242 l‘atre
523 5193 550 5238 ot
558 5182 626 5238 Filio
642 5178 747 5236 dicant?
758 5175 791 5230 Et
803 5175 928 5229 demones
936 5171 1051 5237 credone,

254 5273 277 5318 et
297 5261 490 5315 contremiscant
501 5254 601 5324 (locohi
617 5267 650 5313 n,
666 5249 723 5374 11).
740 5247 842 5316 Nempe
863 5246 890 5300 in
908 5241 1053 5312 Evangelio

723 5320 819 5374 ocinum
832 5317 880 5386 qui
902 5315 937 5368 sis
950 5355 956 5378 ,
969 5311 993 5366 F
993 5314 1053 5366 iiiut

253 5403 314 5469 oet,
334 5402 423 5457 uenisti
441 5409 499 5453 unte
520 5408 618 5465 tentptts
635 5403 752 5462 torquere
773 5406 818 5443 tros
841 5385 935 5460 (dlotc.
953 5399 971 5450 t,
994 5383 1052 5455 et).

253 5475 362 5534 Utittam
387 5469 520 5541 quomodo
542 5467 678 5522 durruunes
705 5460 841 5533 judicem,
864 5457 903 5514 sic
926 5455 1051 5510 homines

254 5549 432 5618 agnoscerent
446 5537 623 5596 salvatoreml

286 5681 296 5713 ¹
314 5687 377 5737 ntes,
392 5672 524 5726 marinum.

286 5743 297 5773 ¹
314 5740 408 5801 aliquot
418 5745 483 5796 uss,
493 5733 603 5798 phetho
615 5729 755 5785 haimos.

288 5803 299 5835 ⁸
315 5800 386 5860 Alias,
399 5808 484 5849 murto.

288 5863 301 5898 ⁸
316 5859 387 5924 Alias,
399 5860 500 5923 spanus
507 5862 611 5909 caoctus.

974 317 1155 376 neenhnlx.

1814 321 1885 378 ltht

1132 437 1244 494 CAPUT
1263 437 1385 496 tlt—5.
1405 437 1449 495 Ec
1476 437 1564 493 Vetere
1580 435 1738 491 Testamenta
1764 435 1886 493 odoacar

1093 506 1210 566 ledeos.
1230 509 1298 580 Quid
1319 509 1383 566 dicit
1403 510 1528 566 ludensi
1547 507 1622 564 Unus
1648 515 1690 562 est
1702 507 1781 562 nohis
1796 509 1883 574 Deus,

1091 590 1192 651 practer
1215 583 1300 650 ipsum
1316 598 1367 636 nen
1390 581 1470 636 alium
1483 580 1615 636 norimus.
1630 579 1706 634 lllum
1724 593 1790 633 xero
1801 595 1883 650 quem

1092 648 1179 707 dicitis
1193 651 1339 720 diremtum,
1355 663 1446 723 patres
1459 651 1543 707 nostri
1556 665 1608 705 oon
1625 651 1718 711 Dentri,
1734 650 1782 705 scd
1796 649 1884 705 homi-

1091 737 1153 779 nem
1169 724 1333 780 occideruot.
1348 724 1451 792 Nempe
1463 723 1514 777 hue
1535 731 1578 778 est
1595 721 1666 792 qood
1681 720 1735 776 dixi
1753 720 1882 779 :Utinam

1092 793 1225 863 quomodo
1237 795 1372 850 daemones
1396 794 1524 864 judicum,
1549 795 1590 848 sic
1609 793 1731 846 homines
1750 805 1882 862 agnosce·

1092 873 1152 920 rent
1170 865 1332 922 saltatorem
1343 869 1359 922 ι·
1373 866 1442 920 Ecce
1461 863 1597 919 demones
1613 863 1757 926 viderunt,
1780 873 1808 918 et
1827 871 1883 918 tre-

1091 945 1215 991 muerunt
1229 955 1236 992 ι
1250 935 1372 993 homines
1382 937 1514 1002 viderunt,
1526 934 1725 990 etoccideruot.
1739 935 1883 990 Daemones

1091 1007 1206 1062 confessi
1218 1017 1280 1062 sunt
1295 1025 1302 1061 r
1318 1007 1442 1063 homines
1457 1007 1588 1077 persecuti
1598 1014 1671 1060 sunt.
1685 1006 1750 1072 Quae
1765 1003 1882 1060 intelici-

1092 1086 1133 1133 tas
1143 1086 1185 1132 est
1194 1086 1222 1133 et
1232 1087 1330 1148 quanta
1343 1079 1461 1145 miseria,
1475 1079 1603 1147 imparem
1618 1077 1699 1132 otiam
1711 1075 1882 1131 daentoniltos

1090 1148 1223 1205 inveniri?
1235 1149 1299 1205 ltem
1313 1149 1435 1204 homines
1453 1148 1576 1211 credunt,
1591 1147 1729 1202 danrooes
1740 1155 1857 1216 pereunt
1872 1163 1879 1200 r

1092 1221 1214 1275 homines
1237 1221 1388 1288 saltantur,
1412 1219 1548 1276 demones
1567 1217 1722 1288 puniuntur.
1746 1216 1801 1273 Sed
1822 1219 1883 1273 nac

1090 1289 1241 1347 immutatio
1252 1293 1336 1364 gratia
1357 1301 1399 1347 est
1419 1291 1536 1348 dexterae
1555 1290 1662 1346 Excelsi
1681 1288 1766 1360 (Ptol.
1788 1304 1880 1353 anxi,

1091 1362 1147 1434 11),
1163 1378 1215 1420 uon
1229 1363 1399 1433 presumptio
1412 1362 1528 1418 hominis
1542 1362 1576 1418 de
1595 1361 1653 1416 suis
1673 1359 1776 1415 xirllxus
1796 1360 1882 1414 conli-

1091 1432 1188 1489 dentis.
1205 1432 1303 1490 Contra
1317 1434 1399 1489 istum
1411 1449 1477 1490 xero
1495 1432 1616 1489 tonsum
1636 1446 1689 1486 non
1702 1430 1796 1485 laboro
1809 1448 1818 1485 :
1829 1445 1881 1500 po-

1090 1513 1174 1575 qoam
1185 1514 1277 1560 contra
1292 1504 1366 1559 illum
1377 1503 1483 1559 codices
1495 1504 1548 1570 sui,
1569 1510 1689 1572 puqnant
1703 1501 1757 1555 Lex
1771 1509 1802 1556 et
1813 1501 1882 1556 Pro·

1090 1576 1179 1645 phetae
1195 1593 1203 1632 ε
1218 1587 1245 1631 οι
1263 1583 1309 1630 aut
1334 1574 1418 1630 rietus
1431 1585 1459 1631 et
1476 1574 1632 1630 humiliatus
1651 1572 1809 1636 salvabitur,
1830 1581 1880 1626 aut

1091 1646 1222 1718 superbus
1246 1654 1274 1702 et
1298 1647 1419 1716 pertinax
1439 1645 1573 1716 punietur.
1597 1643 1670 1699 Dixit
1691 1643 1821 1699 Dominus
1844 1640 1879 1698 ad

1089 1716 1199 1789 lloysen
1215 1735 1222 1771 ε
1238 1715 1305 1771 Ecce
1317 1733 1362 1789 eqo
1379 1717 1451 1771 mitto
1470 1717 1589 1788 capcione
1602 1729 1686 1771 metant
1696 1713 1880 1784 qttiprooedot

1091 1797 1124 1854 te,
1140 1796 1163 1843 et
1175 1787 1301 1842 custodiat
1312 1788 1339 1841 in
1353 1787 1590 1854 oiu,etintrodecot
1601 1786 1723 1840 inlocum
1738 1801 1814 1854 quom
1833 1801 1879 1852 po-

1091 1860 1154 1913 roui.
1173 1859 1282 1914 Diserta
1296 1875 1363 1924 eunt,
1375 1867 1398 1913 ct
1415 1859 1476 1913 cedi
1487 1873 1573 1913 rocem
1582 1858 1648 1928 ejas,
1661 1871 1708 1910 neo
1716 1864 1879 1910 contemnen-

1091 1929 1153 1984 tium
1167 1941 1248 2001 pates.
1265 1929 1369 1985 Audisti
1379 1931 1512 2000 aoqelum,
1523 1941 1639 1998 agnosce
1651 1927 1793 1982 Dominum
1806 1943 1814 1978 :
1829 1941 1881 1982 nee

1091 2001 1314 2058 contemnendum
1324 2015 1383 2055 esse
1394 2009 1483 2071 putes.
1498 1999 1566 2055 Aodi
1576 1997 1741 2067 adhucquod
1753 2006 1859 2052 metuas
1871 2015 1878 2051 z

1092 2069 1159 2138 Nec,
1183 2073 1278 2142 iuquit,
1300 2071 1508 2126 contnnnendam
1529 2078 1612 2141 potes.
1631 2067 1733 2135 Quare?
1745 2067 1815 2131 Quia
1827 2083 1880 2122 otoo

1091 2142 1197 2198 diritittet
1218 2159 1274 2198 com
1296 2142 1455 2212 peccaverit,
1479 2151 1503 2196 et
1521 2151 1558 2196 est
1577 2155 1667 2194 omnen
1683 2153 1765 2192 mm
1786 2137 1815 2190 ia
1832 2135 1880 2192 iilo

1091 2212 1190 2284 (Laod.
1204 2229 1280 2279 xxxix,
1297 2213 1343 2278 20,
1357 2211 1414 2284 tl).
1436 2212 1502 2282 Quis
1514 2221 1556 2266 est
1574 2211 1619 2266 ille
1631 2218 1684 2265 ιοιιι
1697 2222 1817 2279 magnus,
1832 2209 1879 2263 cui

1092 2285 1161 2339 Deos
1174 2296 1202 2340 et
1222 2293 1379 2354 potestatem
1397 2299 1473 2339 suam
1495 2283 1570 2338 dedit
1580 2293 1608 2339 et
1622 2278 1739 2336 nomeni
1752 2277 1880 2334 Dominus

1091 2358 1213 2410 uirtrtttnn
1227 2355 1281 2427 ipse
1293 2365 1328 2409 eat
1343 2371 1388 2409 rex
1399 2355 1487 2425 qloritc
1500 2349 1585 2426 (Psoi.
1598 2367 1676 2413 nto,
1690 2349 1747 2420 lt).
1761 2349 1798 2404 Et
1807 2349 1881 2404 unde

1092 2427 1246 2496 prohemus,
1262 2425 1403 2496 quodcum
1416 2425 1514 2480 dicitur
1526 2425 1645 2549 anpelus,
1661 2420 1879 2492 debeatintelliqi

1094 2497 1181 2553 Deos?
1194 2498 1282 2554 llahes
1294 2498 1320 2550 in
1343 2496 1412 2552 libro
1426 2496 1471 2566 qui
1485 2496 1562 2565 appel
1573 2503 1634 2550 atur
1643 2491 1757 2548 Genesis
1773 2509 1781 2546 ε
1800 2489 1881 2545 lote-

1091 2578 1161 2634 rttnt,
1181 2568 1276 2638 inquit,
1303 2570 1353 2622 deo
1376 2568 1460 2638 oaqcli
1481 2566 1622 2622 Sodomam
1642 2579 1755 2632 vespere,
1778 2560 1880 2616 sedem

1094 2639 1158 2693 Loth
1175 2655 1229 2710 proe
1239 2639 1335 2710 potitor
1343 2638 1450 2692 civitatis
1462 2653 1543 2708 :quos
1556 2652 1614 2691 cem
1628 2635 1742 2693 uidisset.
1758 2633 1879 2697 senemr,

1092 2721 1115 2765 et
1124 2712 1168 2765 icit
1180 2710 1278 2764 eiciam
1289 2711 1324 2764 cix
1339 2707 1416 2781 (Gen.
1433 2724 1491 2774 xxx,
1503 2707 1541 2781 1).
1554 2707 1623 2774 Quid
1637 2705 1733 2775 plural
1745 2703 1880 2773 Suscepit,

1092 2790 1120 2837 et
1139 2782 1281 2835 ohsecotos
1295 2789 1335 2835 est
1354 2780 1393 2836 eis
1413 2789 1537 2850 tanquam
1552 2777 1707 2849 peregrinis.
1726 2773 1880 2830 Consuetu-

1093 2853 1155 2907 dioe
1177 2851 1364 2921 hospitalitatis
1384 2851 1510 2906 liberatos
1530 2846 1683 2920 aperiente
1703 2845 1831 2907 civitatis,
1852 2852 1881 2898 et

1094 2921 1240 2992 temporale
1249 2923 1335 2978 exasit
1347 2921 1509 2989 incendium,
1534 2929 1561 2975 et
1575 2927 1704 2974 aeternum
1719 2925 1881 2973 eorxtectttus

1093 3003 1134 3050 est
1148 2995 1297 3062 praemium.
1319 2993 1437 3057 Discite,
1459 2990 1613 3054 christiani,
1635 2988 1693 3043 sine
1717 2985 1881 3042 discretione
1948 2985 1951 2989 ’

1093 3065 1221 3121 exhihere
1235 3064 1453 3134 hospitalitatem,
1468 3077 1502 3117 ne
1520 3061 1589 3117 lurte
1600 3059 1643 3115 cui
1653 3057 1762 3114 domurn
1777 3056 1882 3110 clause·

1092 3136 1161 3202 ritis,
1176 3136 1218 3190 cui
1234 3135 1424 3189 humanitatem
1439 3133 1608 3203 negaveritis.
1630 3129 1688 3200 ipse
1700 3129 1736 3184 sit
1746 3126 1881 3183 christus.

1094 3206 1151 3262 Non
1176 3209 1289 3276 amplius
1305 3220 1483 3276 evagemura
1498 3203 1634 3274 proposita
1653 3201 1768 3255 achone.
1786 3196 1881 3266 Angeli

1095 3288 1224 3334 t'etterttnt
1237 3278 1271 3331 ad
1284 3276 1364 3342 Loth,
1384 3285 1410 3330 ct
1423 3275 1566 3330 dixerunt:
1580 3271 1675 3327 Videte
1687 3281 1716 3326 et
1730 3268 1879 3330 advertite,

1094 3350 1155 3475 goia
1177 3349 1263 3418 augeli
1287 3349 1358 3418 loqui
1380 3347 1513 3400 dicontur.
1534 3343 1603 3412 Quid
1625 3342 1752 3397 dixemxnt
1772 3336 1882 3408 angeli!

1109 3421 1175 3474 ἰιιοο
1191 3417 1460 3483 arimathaeam
1475 3415 1777 3487 respitercportterqunt
1787 3408 1881 3480 (leid,

1096 3489 1151 3562 17).
1164 3490 1231 3559 Quia
1244 3505 1318 3544 orento
1328 3505 1423 3559 ponent
1433 3503 1538 3540 monam
1554 3501 1631 3552 attpcr
1639 3492 1767 3544 malmin,
1782 3490 1806 3533 ιι
1816 3488 1883 3534 retro

1095 3563 1240 3632 respiciam,
1255 3569 1331 3630 optus
1351 3569 1388 3613 est
1404 3574 1480 3630 reqno
1498 3555 1547 3610 Dei
1566 3553 1644 3625 (Luc.
1659 3570 1697 3619 xx,
1711 3551 1770 3621 62).
1794 3549 1884 3620 Aaou

1095 3642 1144 3686 stes
1154 3634 1180 3687 in
1194 3633 1263 3685 omni
1280 3635 1346 3684 circo
1361 3630 1479 3700 rcqiouc5
1493 3627 1606 3681 terrenis
1628 3638 1681 3678 nou
1694 3623 1829 3681 inhaereas
1838 3633 1885 3674 ro·

1096 3703 1242 3772 luptallhus
1256 3719 1262 3755 :
1274 3701 1319 3755 aed
1331 3701 1358 3754 io
1370 3708 1456 3754 morale
1468 3699 1601 3752 mturare
1614 3700 1655 3763 soc
1668 3692 1747 3763 (Gen.
1757 3708 1814 3755 xxx,
1828 3691 1883 3759 11),

1096 3782 1210 3842 spesina
1233 3774 1303 3827 Deos
1317 3772 1368 3838 sit,
1380 3785 1415 3826 ne
1429 3779 1458 3824 ct
1473 3778 1502 3823 tu
1514 3767 1592 3823 simul
1605 3780 1699 3836 pereas
1715 3779 1777 3819 euro
1799 3760 1885 3816 Sodo-

1097 3846 1180 3900 mitis.
1195 3842 1315 3913 Dim'tque
1334 3841 1400 3894 Loth
1413 3840 1447 3895 od
1463 3855 1515 3893 eos.
1531 3837 1627 3892 Videte
1640 3835 1776 3891 hominem
1791 3831 1885 3886 tideo·

1097 3925 1162 3981 tem,
1177 3930 1229 3968 noo
1243 3928 1354 3978 cacum,
1369 3912 1438 3967 sicut
1449 3909 1533 3966 ludaei
1547 3918 1575 3964 et
1594 3905 1754 3968 Sabelliani3
1770 3919 1824 3958 oon
1838 3903 1887 3972 lip-

1096 3987 1224 4056 pientem,
1240 3985 1309 4038 sicut
1320 3981 1411 4038 Ariani
1428 3999 1436 4036 ε
1452 3979 1501 4036 sed
1518 3980 1610 4034 oculos
1632 3991 1715 4034 sanos
1729 3975 1885 4039 habentem,

1097 4058 1167 4112 sicut
1180 4055 1304 4112 catholici
1314 4052 1468 4110 Christiani.
1485 4051 1601 4120 Angelos
1612 4047 1690 4116 vidit,
1702 4054 1731 4101 et
1743 4046 1886 4100 Dominum

1097 4127 1237 4184 intellexit.
1253 4125 1320 4194 Quid
1335 4123 1402 4180 dixit
1415 4121 1536 4194 angelis?
1553 4119 1675 4190 Dicitque
1686 4117 1752 4172 Lotlt
1763 4115 1799 4168 od
1820 4128 1886 4168 eoa:

1097 4197 1207 4254 Dorttioc
1220 4199 1263 4262 roi,
1279 4197 1338 4268 quio
1347 4195 1440 4249 incenit
1454 4209 1541 4248 serum
1551 4202 1609 4246 tant
1621 4189 1726 4262 pretim
1738 4195 1798 4266 aare
1810 4194 1846 4251 tc,
1863 4193 1889 4237 et

1097 4270 1266 4340 ntoqaificosti
1283 4265 1482 4320 miscricordiam
1502 4272 1583 4330 tuom,
1596 4275 1672 4328 quoto
1686 4257 1887 4330 decimiacum,

1098 4349 1126 4395 at
1138 4341 1249 4394 saluom
1259 4338 1371 4391 unimam
1380 4352 1463 4390 aream
1475 4333 1569 4403 (llio,
1582 4333 1640 4397 19).
1654 4329 1745 4399 llaqna
1758 4340 1816 4391 res,
1826 4340 1888 4380 cum

1098 4409 1289 4466 volotudaeom
1298 4407 1376 4463 lerire
1385 4406 1436 4473 sic,
1447 4406 1552 4476 lloyses
1561 4402 1722 4458 lectissimus
1731 4398 1772 4453 rir
1781 4396 1889 4452 hastam

1098 4481 1173 4536 verbi
1187 4482 1227 4536 sni
1241 4479 1364 4548 xihratit,
1377 4487 1404 4532 et
1417 4477 1497 4538 misit,
1512 4483 1542 4529 ut
1555 4489 1603 4546 per
1615 4472 1736 4528 Judaeum
1745 4469 1779 4524 ad
1795 4467 1892 4522 Sanet-

1100 4553 1202 4608 lianum
1217 4551 1352 4613 transiret,
1367 4550 1548 4616 Arianumque
1559 4547 1719 4616 percuteret.
1736 4538 1807 4608 Quid
1820 4537 1889 4608 agis,

1099 4623 1168 4681 Loth
1181 4623 1292 4678 sanetei
1306 4621 1423 4691 Angelos
1442 4617 1526 4681 vides,
1538 4624 1567 4671 et
1577 4630 1629 4671 non
1642 4627 1735 4675 unum,
1749 4609 1887 4671 οο11οοο,

1101 4704 1129 4750 ct
1142 4694 1218 4761 dicis,
1233 4692 1343 4746 Domine
1354 4692 1398 4744 arri.
1411 4689 1545 4746 Adonem
1557 4686 1638 4741 xcrha
1650 4683 1727 4747 lacis,
1737 4695 1821 4736 uotum
1832 4693 1894 4748 prc-

1102 4766 1191 4825 caris:
1205 4772 1233 4819 ct
1247 4779 1300 4817 non
1315 4762 1458 4816 metuisne
1472 4759 1547 4814 alteri
1561 4757 1685 4823 injuriam
1701 4753 1789 4808 lacere
1803 4750 1895 4804 tiden-

1102 4836 1160 4893 ris?
1175 4835 1261 4900 Absit,
1282 4834 1376 4902 lnquit.
1392 4830 1527 4894 Recedite,
1541 4827 1642 4889 ludaei,
1655 4823 1784 4884 recedite,
1795 4819 1895 4876 Sabel-

1104 4907 1178 4969 liani,
1192 4906 1253 4976 quia
1267 4919 1318 4957 oon
1334 4903 1445 4968 titletis3
1460 4899 1577 4956 recedite
1589 4937 1597 4962 ,
1609 4896 1711 4959 Ariani,
1724 4893 1787 4964 quia
1798 4904 1896 4961 parum

1104 4977 1210 5032 ridetis·
1223 4975 1279 5046 Ego
1288 4975 1367 5029 uideo
1377 4990 1384 5036 ;
1395 4983 1423 5027 et
1431 4971 1502 5042 qnod
1515 4969 1593 5025 rideo
1603 4967 1664 5035 quia
1672 4965 1761 5031 uiden,
1769 4977 1822 5018 nec
1829 4976 1899 5016 eorr-

1105 5059 1195 5104 tcmno
1208 5062 1258 5101 nee
1271 5060 1342 5101 erro.
1360 5045 1431 5098 Duos
1444 5041 1539 5105 uideo,
1561 5039 1678 5108 :equales
1698 5034 1789 5089 rideo.
1804 5031 1898 5091 Unum

1105 5135 1180 5190 rogo,
1196 5117 1260 5172 xntlli
1276 5116 1399 5185 ixrjoriam
1415 5113 1483 5168 laeio
1498 5131 1505 5167 :
1519 5111 1581 5181 quia
1598 5110 1703 5164 Patrem
1724 5121 1739 5159 a
1752 5103 1824 5160 l'ilio
1838 5117 1899 5155 non

1106 5190 1205 5246 dirido.
1217 5185 1282 5242 Nam
1292 5196 1320 5241 ut
1333 5185 1486 5255 intelligatis
1497 5197 1540 5236 me
1549 5195 1602 5235 non
1611 5178 1675 5242 tatlt,
1683 5191 1743 5232 cum
1752 5176 1823 5230 duos
1834 5183 1902 5226 tarr·

1106 5277 1186 5334 quam
1200 5273 1282 5314 unum
1301 5258 1446 5326 deprecor,
1466 5253 1554 5308 ridete
1572 5259 1663 5306 utrum
1681 5247 1753 5312 duo,
1776 5261 1810 5300 an
1825 5260 1903 5298 unus

1107 5335 1175 5389 meis
1190 5329 1348 5400 respondeat
1360 5327 1492 5397 precihus.
1506 5322 1624 5379 Petiitut
1633 5321 1659 5374 in
1673 5316 1905 5374 orodicachitate

1107 5415 1134 5460 et
1146 5403 1266 5474 proximu
1276 5397 1404 5467 relughun
1418 5398 1527 5451 liaberet
1539 5401 1566 5447 et
1581 5392 1693 5446 xlreret.
1710 5386 1906 5456 despondetur

1108 5477 1143 5532 ei.
1160 5473 1303 5529 Videamus
1316 5478 1381 5540 quot
1400 5476 1461 5523 snut
1474 5466 1519 5536 qui
1539 5462 1712 5532 respondent.
1733 5459 1821 5513 Verba
1834 5457 1908 5512 libri

1108 5545 1318 5612 solisequuntur,
1331 5537 1451 5608 Dicitque
1464 5537 1498 5590 od
1509 5551 1567 5591 mm
1578 5552 1589 5588 .·
1600 5533 1677 5604 quasi
1688 5531 1829 5599 responsio
1839 5530 1910 5584 sin-

1127 5615 1209 5672 ularis
1222 5622 1274 5668 est.
1287 5610 1383 5666 Adhuc
1395 5623 1517 5679 sequere,
1534 5605 1690 5659 videamus:
1705 5599 1774 5654 Erec
1785 5601 1863 5653 mom
1878 5601 1910 5654 itu

1108 5633 1157 5742 1101
1167 5686 1265 5755 suscepi
1278 5699 1363 5753 preces
1378 5691 1445 5744 tuot,
1458 5689 1485 5732 ιιι
1509 5695 1559 5729 lton
1580 5675 1721 5729 satirarum
1736 5670 1910 5741 aldermon

1111 5776 1161 5832 quo
1175 5759 1271 5810 loculus
1281 5771 1317 5806 cs.
1329 5751 1443 5817 Festino,
1463 5759 1486 5804 ct
1498 5748 1595 5802 solarere
1606 5747 1640 5799 ili
1653 5763 1659 5799 :
1671 5745 1731 5816 qttio
1746 5759 1797 5796 noo
1812 5753 1911 5810 potere

1114 5833 1196 5902 {acere
1206 5827 1351 5898 qniuqrmnt,
1359 5822 1437 5878 donec
1449 5819 1599 5892 irtqredr'oris
1608 5815 1670 5872 ilius
1680 5813 1774 5886 (ltin,
1785 5811 1912 5876 2lfflt.
