<?xml version="1.0" encoding="UTF-8"?>
<!DOCTYPE html PUBLIC "-//W3C//DTD XHTML 1.0 Transitional//EN"
    "http://www.w3.org/TR/xhtml1/DTD/xhtml1-transitional.dtd">
<html xmlns="http://www.w3.org/1999/xhtml" xml:lang="en" lang="en">
 <head>
  <title>
</title>
<meta http-equiv="Content-Type" content="text/html;charset=utf-8" />
  <meta name='ocr-system' content='tesseract 3.04.00' />
  <meta name='ocr-capabilities' content='ocr_page ocr_carea ocr_par ocr_line ocrx_word'/>
</head>
<body>
  <div class='ocr_page' id='page_1' title='image "./patrologiaecurs01berngoog/patrologiaecurs01berngoog_0524.png"; bbox 0 0 4034 6334; ppageno 0'>
   <div class='ocr_carea' id='block_1_1' title="bbox 257 313 1895 388">
    <p class='ocr_par' dir='ltr' id='par_1_1' title="bbox 257 313 1895 388">
     <span class='ocr_line' id='line_1_1' title="bbox 257 313 1895 388; baseline 0.005 -17"><span class='ocrx_word' id='word_1_1' title='bbox 257 326 329 388; x_wconf 68' lang='lat' dir='ltr'><strong>,gp</strong></span> <span class='ocrx_word' id='word_1_2' title='bbox 818 313 1124 385; x_wconf 69' lang='lat' dir='ltr'><strong>annotaremus.</strong></span> <span class='ocrx_word' id='word_1_3' title='bbox 1145 315 1328 378; x_wconf 84' lang='lat' dir='ltr'><strong>nucusann</strong></span> <span class='ocrx_word' id='word_1_4' title='bbox 1826 319 1895 380; x_wconf 83' lang='lat' dir='ltr'><strong>tota</strong></span> 
     </span>
    </p>
   </div>
   <div class='ocr_carea' id='block_1_2' title="bbox 203 431 1899 1716">
    <p class='ocr_par' dir='ltr' id='par_1_2' title="bbox 203 431 1899 1716">
     <span class='ocr_line' id='line_1_2' title="bbox 255 431 1895 516; baseline -0.001 -20"><span class='ocrx_word' id='word_1_5' title='bbox 255 450 356 516; x_wconf 87' lang='lat' dir='ltr'><strong>potest,</strong></span> <span class='ocrx_word' id='word_1_6' title='bbox 371 453 425 496; x_wconf 90' lang='lat' dir='ltr'><strong>non</strong></span> <span class='ocrx_word' id='word_1_7' title='bbox 439 436 529 511; x_wconf 89' lang='lat' dir='ltr'><strong>perire</strong></span> <span class='ocrx_word' id='word_1_8' title='bbox 544 435 623 494; x_wconf 88' lang='lat' dir='ltr'><strong>istam</strong></span> <span class='ocrx_word' id='word_1_9' title='bbox 634 434 790 502; x_wconf 68' lang='lat' dir='ltr'><strong>trinitatem,</strong></span> <span class='ocrx_word' id='word_1_10' title='bbox 806 434 888 490; x_wconf 88' lang='lat' dir='ltr'><strong>ctiam</strong></span> <span class='ocrx_word' id='word_1_11' title='bbox 904 431 1047 490; x_wconf 73' lang='lat' dir='ltr'><strong>cumides</strong></span> <span class='ocrx_word' id='word_1_12' title='bbox 1104 431 1184 490; x_wconf 78' lang='lat' dir='ltr'><strong>laniet</strong></span> <span class='ocrx_word' id='word_1_13' title='bbox 1196 435 1235 490; x_wconf 88' lang='lat' dir='ltr'><strong>rei</strong></span> <span class='ocrx_word' id='word_1_14' title='bbox 1248 432 1391 506; x_wconf 75' lang='lat' dir='ltr'><strong>preteritae</strong></span> <span class='ocrx_word' id='word_1_15' title='bbox 1402 432 1555 508; x_wconf 88' lang='lat' dir='ltr'><strong>imaginatio</strong></span> <span class='ocrx_word' id='word_1_16' title='bbox 1572 432 1600 492; x_wconf 91' lang='lat' dir='ltr'><strong>in</strong></span> <span class='ocrx_word' id='word_1_17' title='bbox 1612 433 1779 493; x_wconf 84' lang='lat' dir='ltr'><strong>recordantis</strong></span> <span class='ocrx_word' id='word_1_18' title='bbox 1791 450 1895 494; x_wconf 90' lang='lat' dir='ltr'><strong>memo-</strong></span> 
     </span>
     <span class='ocr_line' id='line_1_3' title="bbox 255 524 1291 609; baseline -0.01 -17"><span class='ocrx_word' id='word_1_19' title='bbox 255 535 314 609; x_wconf 90' lang='lat' dir='ltr'><strong>ipsa</strong></span> <span class='ocrx_word' id='word_1_20' title='bbox 325 531 482 593; x_wconf 85' lang='lat' dir='ltr'><strong>transierit:</strong></span> <span class='ocrx_word' id='word_1_21' title='bbox 498 531 560 604; x_wconf 90' lang='lat' dir='ltr'><strong>qnia</strong></span> <span class='ocrx_word' id='word_1_22' title='bbox 573 530 642 586; x_wconf 89' lang='lat' dir='ltr'><strong>sicut</strong></span> <span class='ocrx_word' id='word_1_23' title='bbox 657 544 728 584; x_wconf 89' lang='lat' dir='ltr'><strong>nunc</strong></span> <span class='ocrx_word' id='word_1_24' title='bbox 744 543 804 584; x_wconf 88' lang='lat' dir='ltr'><strong>cam</strong></span> <span class='ocrx_word' id='word_1_25' title='bbox 822 535 850 584; x_wconf 87' lang='lat' dir='ltr'><strong>et</strong></span> <span class='ocrx_word' id='word_1_26' title='bbox 866 526 995 584; x_wconf 89' lang='lat' dir='ltr'><strong>memoria</strong></span> <span class='ocrx_word' id='word_1_27' title='bbox 1008 533 1050 582; x_wconf 93' lang='lat' dir='ltr'><strong>te·</strong></span> <span class='ocrx_word' id='word_1_28' title='bbox 1102 524 1141 580; x_wconf 84' lang='lat' dir='ltr'><strong>ria</strong></span> <span class='ocrx_word' id='word_1_29' title='bbox 1154 525 1291 582; x_wconf 90' lang='lat' dir='ltr'><strong>derelicta.</strong></span> 
     </span>
     <span class='ocr_line' id='line_1_4' title="bbox 255 616 1897 696; baseline -0.003 -12"><span class='ocrx_word' id='word_1_30' title='bbox 255 641 362 694; x_wconf 89' lang='lat' dir='ltr'><strong>nemus,</strong></span> <span class='ocrx_word' id='word_1_31' title='bbox 381 633 410 682; x_wconf 90' lang='lat' dir='ltr'><strong>et</strong></span> <span class='ocrx_word' id='word_1_32' title='bbox 422 623 582 696; x_wconf 68' lang='lat' dir='ltr'><strong>cogitatione</strong></span> <span class='ocrx_word' id='word_1_33' title='bbox 595 619 744 688; x_wconf 89' lang='lat' dir='ltr'><strong>cernimus,</strong></span> <span class='ocrx_word' id='word_1_34' title='bbox 758 626 787 675; x_wconf 89' lang='lat' dir='ltr'><strong>et</strong></span> <span class='ocrx_word' id='word_1_35' title='bbox 806 619 944 675; x_wconf 83' lang='lat' dir='ltr'><strong>voluntate</strong></span> <span class='ocrx_word' id='word_1_36' title='bbox 959 617 1049 690; x_wconf 89' lang='lat' dir='ltr'><strong>diligi·</strong></span> <span class='ocrx_word' id='word_1_37' title='bbox 1139 616 1251 675; x_wconf 80' lang='lat' dir='ltr'>CAPUT</span> <span class='ocrx_word' id='word_1_38' title='bbox 1270 618 1315 676; x_wconf 81' lang='grc' dir='ltr'><strong>ιι.</strong></span> <span class='ocrx_word' id='word_1_39' title='bbox 1333 650 1371 662; x_wconf 93' lang='grc'>-</span> <span class='ocrx_word' id='word_1_40' title='bbox 1388 620 1417 677; x_wconf 87' lang='grc'><strong>6.</strong></span> <span class='ocrx_word' id='word_1_41' title='bbox 1441 617 1477 676; x_wconf 87' lang='lat' dir='ltr'><strong>ln</strong></span> <span class='ocrx_word' id='word_1_42' title='bbox 1503 621 1693 678; x_wconf 82' lang='lat' dir='ltr'><strong>immortalitate</strong></span> <span class='ocrx_word' id='word_1_43' title='bbox 1705 622 1799 679; x_wconf 85' lang='lat' dir='ltr'><strong>animae</strong></span> <span class='ocrx_word' id='word_1_44' title='bbox 1817 623 1897 679; x_wconf 88' lang='lat' dir='ltr'><strong>ratia-</strong></span> 
     </span>
     <span class='ocr_line' id='line_1_5' title="bbox 253 708 1896 788; baseline -0.005 -8"><span class='ocrx_word' id='word_1_45' title='bbox 253 739 333 788; x_wconf 77' lang='lat' dir='ltr'><strong>mns3</strong></span> <span class='ocrx_word' id='word_1_46' title='bbox 347 721 384 778; x_wconf 88' lang='lat' dir='ltr'><strong>ita</strong></span> <span class='ocrx_word' id='word_1_47' title='bbox 397 721 553 776; x_wconf 76' lang='lat' dir='ltr'><strong>etiamtunc</strong></span> <span class='ocrx_word' id='word_1_48' title='bbox 569 729 630 773; x_wconf 88' lang='lat' dir='ltr'><strong>cuna</strong></span> <span class='ocrx_word' id='word_1_49' title='bbox 643 729 703 772; x_wconf 90' lang='lat' dir='ltr'><strong>eam</strong></span> <span class='ocrx_word' id='word_1_50' title='bbox 719 712 906 770; x_wconf 88' lang='lat' dir='ltr'><strong>nosbabuisse</strong></span> <span class='ocrx_word' id='word_1_51' title='bbox 920 712 1050 768; x_wconf 85' lang='lat' dir='ltr'><strong>memoria</strong></span> <span class='ocrx_word' id='word_1_52' title='bbox 1103 708 1169 766; x_wconf 84' lang='lat' dir='ltr'><strong>nato</strong></span> <span class='ocrx_word' id='word_1_53' title='bbox 1190 711 1326 782; x_wconf 69' lang='lat' dir='ltr'><strong>quaerenda</strong></span> <span class='ocrx_word' id='word_1_54' title='bbox 1345 713 1429 785; x_wconf 79' lang='lat' dir='ltr'><strong>imago</strong></span> <span class='ocrx_word' id='word_1_55' title='bbox 1459 711 1519 768; x_wconf 79' lang='lat' dir='ltr'><strong>liei.</strong></span> <span class='ocrx_word' id='word_1_56' title='bbox 1545 710 1659 769; x_wconf 80' lang='lat' dir='ltr'><strong>Trinitas</strong></span> <span class='ocrx_word' id='word_1_57' title='bbox 1677 713 1706 769; x_wconf 85' lang='lat' dir='ltr'><strong>in</strong></span> <span class='ocrx_word' id='word_1_58' title='bbox 1728 724 1813 770; x_wconf 80' lang='lat' dir='ltr'><strong>manae</strong></span> <span class='ocrx_word' id='word_1_59' title='bbox 1833 732 1896 786; x_wconf 87' lang='lat' dir='ltr'><strong>quo·</strong></span> 
     </span>
     <span class='ocr_line' id='line_1_6' title="bbox 253 803 1896 879; baseline -0.005 -6"><span class='ocrx_word' id='word_1_60' title='bbox 253 814 416 878; x_wconf 77' lang='lat' dir='ltr'><strong>tenebimus,</strong></span> <span class='ocrx_word' id='word_1_61' title='bbox 427 818 454 868; x_wconf 89' lang='lat' dir='ltr'><strong>et</strong></span> <span class='ocrx_word' id='word_1_62' title='bbox 465 809 627 876; x_wconf 87' lang='lat' dir='ltr'><strong>recolemus,</strong></span> <span class='ocrx_word' id='word_1_63' title='bbox 643 815 671 864; x_wconf 89' lang='lat' dir='ltr'><strong>et</strong></span> <span class='ocrx_word' id='word_1_64' title='bbox 688 807 740 863; x_wconf 89' lang='lat' dir='ltr'><strong>boe</strong></span> <span class='ocrx_word' id='word_1_65' title='bbox 752 813 896 877; x_wconf 88' lang='lat' dir='ltr'><strong>utrumqne</strong></span> <span class='ocrx_word' id='word_1_66' title='bbox 910 806 988 861; x_wconf 91' lang='lat' dir='ltr'><strong>tertia</strong></span> <span class='ocrx_word' id='word_1_67' title='bbox 1003 819 1051 860; x_wconf 88' lang='lat' dir='ltr'><strong>ro-</strong></span> <span class='ocrx_word' id='word_1_68' title='bbox 1103 804 1178 858; x_wconf 84' lang='lat' dir='ltr'><strong>moria</strong></span> <span class='ocrx_word' id='word_1_69' title='bbox 1190 813 1330 860; x_wconf 85' lang='lat' dir='ltr'><strong>nronrtrata</strong></span> <span class='ocrx_word' id='word_1_70' title='bbox 1339 805 1381 860; x_wconf 84' lang='lat' dir='ltr'><strong>sit.</strong></span> <span class='ocrx_word' id='word_1_71' title='bbox 1394 803 1448 862; x_wconf 87' lang='lat' dir='ltr'><strong>Noc</strong></span> <span class='ocrx_word' id='word_1_72' title='bbox 1460 804 1505 862; x_wconf 93' lang='lat' dir='ltr'><strong>illa</strong></span> <span class='ocrx_word' id='word_1_73' title='bbox 1524 805 1604 878; x_wconf 90' lang='lat' dir='ltr'><strong>igitur</strong></span> <span class='ocrx_word' id='word_1_74' title='bbox 1618 805 1733 875; x_wconf 77' lang='lat' dir='ltr'><strong>trinitas,</strong></span> <span class='ocrx_word' id='word_1_75' title='bbox 1750 823 1812 879; x_wconf 72' lang='lat' dir='ltr'><strong>quas</strong></span> <span class='ocrx_word' id='word_1_76' title='bbox 1826 823 1896 865; x_wconf 89' lang='lat' dir='ltr'><strong>nune</strong></span> 
     </span>
     <span class='ocr_line' id='line_1_7' title="bbox 253 895 1898 977; baseline 0.004 -13"><span class='ocrx_word' id='word_1_77' title='bbox 253 909 359 966; x_wconf 89' lang='lat' dir='ltr'><strong>luntate</strong></span> <span class='ocrx_word' id='word_1_78' title='bbox 374 906 529 977; x_wconf 75' lang='lat' dir='ltr'><strong>iungemus,</strong></span> <span class='ocrx_word' id='word_1_79' title='bbox 550 900 644 959; x_wconf 89' lang='lat' dir='ltr'><strong>eadem</strong></span> <span class='ocrx_word' id='word_1_80' title='bbox 666 901 770 956; x_wconf 89' lang='lat' dir='ltr'><strong>trinitas</strong></span> <span class='ocrx_word' id='word_1_81' title='bbox 784 899 960 970; x_wconf 87' lang='lat' dir='ltr'><strong>permanebit.</strong></span> <span class='ocrx_word' id='word_1_82' title='bbox 976 900 1050 968; x_wconf 84' lang='lat' dir='ltr'><strong>Quo·</strong></span> <span class='ocrx_word' id='word_1_83' title='bbox 1103 895 1382 968; x_wconf 65' lang='grc'><strong>11011118111111801111</strong></span> <span class='ocrx_word' id='word_1_84' title='bbox 1396 895 1450 953; x_wconf 66' lang='grc'><strong>1111</strong></span> <span class='ocrx_word' id='word_1_85' title='bbox 1461 914 1469 964; x_wconf 83' lang='grc'><strong>;</strong></span> <span class='ocrx_word' id='word_1_86' title='bbox 1482 911 1532 954; x_wconf 68' lang='grc'><strong>1101</strong></span> <span class='ocrx_word' id='word_1_87' title='bbox 1543 897 1594 952; x_wconf 74' lang='grc'><strong>1111</strong></span> <span class='ocrx_word' id='word_1_88' title='bbox 1609 896 1757 969; x_wconf 72' lang='grc'><strong>1111801111</strong></span> <span class='ocrx_word' id='word_1_89' title='bbox 1771 904 1824 968; x_wconf 60' lang='grc'><strong>111,</strong></span> <span class='ocrx_word' id='word_1_90' title='bbox 1838 915 1898 972; x_wconf 56' lang='lat' dir='ltr'><strong>illl&amp;</strong></span> 
     </span>
     <span class='ocr_line' id='line_1_8' title="bbox 255 988 1899 1064; baseline -0.004 -8"><span class='ocrx_word' id='word_1_91' title='bbox 255 1001 327 1056; x_wconf 91' lang='lat' dir='ltr'><strong>niam</strong></span> <span class='ocrx_word' id='word_1_92' title='bbox 348 998 371 1055; x_wconf 88' lang='lat' dir='ltr'><strong>si</strong></span> <span class='ocrx_word' id='word_1_93' title='bbox 394 997 497 1053; x_wconf 89' lang='lat' dir='ltr'><strong>nullum</strong></span> <span class='ocrx_word' id='word_1_94' title='bbox 517 992 637 1051; x_wconf 87' lang='lat' dir='ltr'><strong>innubis</strong></span> <span class='ocrx_word' id='word_1_95' title='bbox 651 992 728 1064; x_wconf 91' lang='lat' dir='ltr'><strong>quasi</strong></span> <span class='ocrx_word' id='word_1_96' title='bbox 748 991 890 1062; x_wconf 86' lang='lat' dir='ltr'><strong>vestigium</strong></span> <span class='ocrx_word' id='word_1_97' title='bbox 917 990 1050 1047; x_wconf 85' lang='lat' dir='ltr'><strong>transiens</strong></span> <span class='ocrx_word' id='word_1_98' title='bbox 1104 995 1230 1045; x_wconf 90' lang='lat' dir='ltr'><strong>tunenan</strong></span> <span class='ocrx_word' id='word_1_99' title='bbox 1242 989 1296 1047; x_wconf 90' lang='lat' dir='ltr'><strong>erit</strong></span> <span class='ocrx_word' id='word_1_100' title='bbox 1309 1008 1317 1046; x_wconf 91' lang='lat'>:</span> <span class='ocrx_word' id='word_1_101' title='bbox 1330 988 1378 1046; x_wconf 89' lang='lat' dir='ltr'><strong>scd</strong></span> <span class='ocrx_word' id='word_1_102' title='bbox 1391 1006 1422 1048; x_wconf 91' lang='lat' dir='ltr'><strong>ea</strong></span> <span class='ocrx_word' id='word_1_103' title='bbox 1436 998 1478 1048; x_wconf 87' lang='lat' dir='ltr'><strong>est</strong></span> <span class='ocrx_word' id='word_1_104' title='bbox 1495 991 1655 1048; x_wconf 82' lang='lat' dir='ltr'><strong>invenienda</strong></span> <span class='ocrx_word' id='word_1_105' title='bbox 1667 992 1695 1049; x_wconf 93' lang='lat' dir='ltr'><strong>in</strong></span> <span class='ocrx_word' id='word_1_106' title='bbox 1708 992 1796 1050; x_wconf 88' lang='lat' dir='ltr'><strong>anima</strong></span> <span class='ocrx_word' id='word_1_107' title='bbox 1811 992 1899 1050; x_wconf 89' lang='lat' dir='ltr'><strong>bomi-</strong></span> 
     </span>
     <span class='ocr_line' id='line_1_9' title="bbox 254 1081 1899 1164; baseline -0.001 -17"><span class='ocrx_word' id='word_1_108' title='bbox 254 1091 403 1164; x_wconf 90' lang='lat' dir='ltr'><strong>reliquerit,</strong></span> <span class='ocrx_word' id='word_1_109' title='bbox 418 1087 540 1160; x_wconf 85' lang='lat' dir='ltr'><strong>prolecto</strong></span> <span class='ocrx_word' id='word_1_110' title='bbox 561 1100 612 1143; x_wconf 91' lang='lat' dir='ltr'><strong>nec</strong></span> <span class='ocrx_word' id='word_1_111' title='bbox 632 1084 659 1140; x_wconf 92' lang='lat' dir='ltr'><strong>in</strong></span> <span class='ocrx_word' id='word_1_112' title='bbox 675 1084 803 1140; x_wconf 89' lang='lat' dir='ltr'><strong>memoria</strong></span> <span class='ocrx_word' id='word_1_113' title='bbox 825 1091 917 1139; x_wconf 85' lang='lat' dir='ltr'><strong>nostra</strong></span> <span class='ocrx_word' id='word_1_114' title='bbox 930 1082 989 1153; x_wconf 84' lang='lat' dir='ltr'><strong>ejus</strong></span> <span class='ocrx_word' id='word_1_115' title='bbox 1000 1083 1051 1138; x_wconf 89' lang='lat' dir='ltr'><strong>ali·</strong></span> <span class='ocrx_word' id='word_1_116' title='bbox 1103 1081 1156 1151; x_wconf 91' lang='lat' dir='ltr'><strong>nis,</strong></span> <span class='ocrx_word' id='word_1_117' title='bbox 1172 1081 1254 1140; x_wconf 88' lang='lat' dir='ltr'><strong>idest</strong></span> <span class='ocrx_word' id='word_1_118' title='bbox 1269 1083 1403 1152; x_wconf 90' lang='lat' dir='ltr'><strong>rationali,</strong></span> <span class='ocrx_word' id='word_1_119' title='bbox 1418 1086 1476 1142; x_wconf 85' lang='lat' dir='ltr'><strong>sive</strong></span> <span class='ocrx_word' id='word_1_120' title='bbox 1486 1085 1671 1154; x_wconf 76' lang='lat' dir='ltr'><strong>intellectuali,</strong></span> <span class='ocrx_word' id='word_1_121' title='bbox 1683 1086 1771 1160; x_wconf 89' lang='lat' dir='ltr'><strong>imago</strong></span> <span class='ocrx_word' id='word_1_122' title='bbox 1785 1083 1899 1145; x_wconf 81' lang='lat' dir='ltr'><strong>Creato-</strong></span> 
     </span>
     <span class='ocr_line' id='line_1_10' title="bbox 254 1173 1897 1258; baseline -0.004 -17"><span class='ocrx_word' id='word_1_123' title='bbox 254 1184 319 1258; x_wconf 91' lang='lat' dir='ltr'><strong>quid</strong></span> <span class='ocrx_word' id='word_1_124' title='bbox 340 1183 499 1240; x_wconf 90' lang='lat' dir='ltr'><strong>babebimus</strong></span> <span class='ocrx_word' id='word_1_125' title='bbox 527 1195 581 1252; x_wconf 92' lang='lat' dir='ltr'><strong>quo</strong></span> <span class='ocrx_word' id='word_1_126' title='bbox 609 1191 781 1235; x_wconf 88' lang='lat' dir='ltr'><strong>recurramus</strong></span> <span class='ocrx_word' id='word_1_127' title='bbox 800 1189 859 1232; x_wconf 89' lang='lat' dir='ltr'><strong>earn</strong></span> <span class='ocrx_word' id='word_1_128' title='bbox 886 1176 1050 1248; x_wconf 81' lang='lat' dir='ltr'><strong>praeteritam</strong></span> <span class='ocrx_word' id='word_1_129' title='bbox 1104 1173 1159 1243; x_wconf 90' lang='lat' dir='ltr'><strong>ris,</strong></span> <span class='ocrx_word' id='word_1_130' title='bbox 1182 1189 1241 1245; x_wconf 78' lang='lat' dir='ltr'><strong>quaa</strong></span> <span class='ocrx_word' id='word_1_131' title='bbox 1256 1175 1443 1234; x_wconf 80' lang='lat' dir='ltr'><strong>immortaliter</strong></span> <span class='ocrx_word' id='word_1_132' title='bbox 1458 1177 1651 1234; x_wconf 89' lang='lat' dir='ltr'><strong>immortalitati</strong></span> <span class='ocrx_word' id='word_1_133' title='bbox 1665 1179 1725 1251; x_wconf 78' lang='lat' dir='ltr'><strong>eius</strong></span> <span class='ocrx_word' id='word_1_134' title='bbox 1748 1188 1791 1236; x_wconf 88' lang='lat' dir='ltr'><strong>est</strong></span> <span class='ocrx_word' id='word_1_135' title='bbox 1807 1181 1897 1236; x_wconf 90' lang='lat' dir='ltr'><strong>insita.</strong></span> 
     </span>
     <span class='ocr_line' id='line_1_11' title="bbox 252 1263 1899 1346; baseline -0.002 -12"><span class='ocrx_word' id='word_1_136' title='bbox 252 1276 436 1346; x_wconf 89' lang='lat' dir='ltr'><strong>recordantes,</strong></span> <span class='ocrx_word' id='word_1_137' title='bbox 452 1284 534 1344; x_wconf 89' lang='lat' dir='ltr'><strong>atqua</strong></span> <span class='ocrx_word' id='word_1_138' title='bbox 550 1273 577 1330; x_wconf 92' lang='lat' dir='ltr'><strong>id</strong></span> <span class='ocrx_word' id='word_1_139' title='bbox 587 1281 730 1344; x_wconf 92' lang='lat' dir='ltr'><strong>utrumque</strong></span> <span class='ocrx_word' id='word_1_140' title='bbox 744 1271 892 1328; x_wconf 91' lang='lat' dir='ltr'><strong>intentione</strong></span> <span class='ocrx_word' id='word_1_141' title='bbox 905 1270 984 1326; x_wconf 87' lang='lat' dir='ltr'><strong>tertia</strong></span> <span class='ocrx_word' id='word_1_142' title='bbox 998 1283 1047 1325; x_wconf 91' lang='lat' dir='ltr'><strong>co·</strong></span> <span class='ocrx_word' id='word_1_143' title='bbox 1102 1263 1169 1320; x_wconf 86' lang='lat' dir='ltr'><strong>Nam</strong></span> <span class='ocrx_word' id='word_1_144' title='bbox 1191 1265 1260 1325; x_wconf 87' lang='lat' dir='ltr'><strong>sicut</strong></span> <span class='ocrx_word' id='word_1_145' title='bbox 1271 1266 1328 1338; x_wconf 91' lang='lat' dir='ltr'><strong>ipsa</strong></span> <span class='ocrx_word' id='word_1_146' title='bbox 1342 1269 1527 1327; x_wconf 79' lang='lat' dir='ltr'><strong>immortalitas</strong></span> <span class='ocrx_word' id='word_1_147' title='bbox 1537 1271 1634 1328; x_wconf 82' lang='lat' dir='ltr'><strong>animae</strong></span> <span class='ocrx_word' id='word_1_148' title='bbox 1644 1271 1794 1329; x_wconf 88' lang='lat' dir='ltr'><strong>seeundum</strong></span> <span class='ocrx_word' id='word_1_149' title='bbox 1804 1289 1899 1345; x_wconf 89' lang='lat' dir='ltr'><strong>quem·</strong></span> 
     </span>
     <span class='ocr_line' id='line_1_12' title="bbox 211 1355 1892 1448; baseline -0.002 -23"><span class='ocrx_word' id='word_1_150' title='bbox 211 1387 220 1448; x_wconf 65' lang='lat' dir='ltr'><strong>g</strong></span> <span class='ocrx_word' id='word_1_151' title='bbox 252 1370 387 1442; x_wconf 88' lang='lat' dir='ltr'><strong>palantes,</strong></span> <span class='ocrx_word' id='word_1_152' title='bbox 402 1376 431 1424; x_wconf 93' lang='lat' dir='ltr'><strong>et</strong></span> <span class='ocrx_word' id='word_1_153' title='bbox 442 1367 515 1440; x_wconf 89' lang='lat' dir='ltr'><strong>quod</strong></span> <span class='ocrx_word' id='word_1_154' title='bbox 536 1373 595 1422; x_wconf 90' lang='lat' dir='ltr'><strong>erat</strong></span> <span class='ocrx_word' id='word_1_155' title='bbox 608 1365 710 1422; x_wconf 89' lang='lat' dir='ltr'><strong>scilicet</strong></span> <span class='ocrx_word' id='word_1_156' title='bbox 723 1363 750 1419; x_wconf 89' lang='lat' dir='ltr'><strong>in</strong></span> <span class='ocrx_word' id='word_1_157' title='bbox 763 1362 902 1430; x_wconf 90' lang='lat' dir='ltr'><strong>memoria,</strong></span> <span class='ocrx_word' id='word_1_158' title='bbox 921 1377 974 1418; x_wconf 93' lang='lat' dir='ltr'><strong>non</strong></span> <span class='ocrx_word' id='word_1_159' title='bbox 987 1361 1051 1418; x_wconf 89' lang='lat' dir='ltr'><strong>inde</strong></span> <span class='ocrx_word' id='word_1_160' title='bbox 1103 1355 1165 1412; x_wconf 86' lang='lat' dir='ltr'><strong>dam</strong></span> <span class='ocrx_word' id='word_1_161' title='bbox 1178 1357 1412 1427; x_wconf 87' lang='lat' dir='ltr'><strong>modumdicitur;</strong></span> <span class='ocrx_word' id='word_1_162' title='bbox 1426 1360 1506 1418; x_wconf 93' lang='lat' dir='ltr'><strong>babet</strong></span> <span class='ocrx_word' id='word_1_163' title='bbox 1520 1362 1617 1434; x_wconf 92' lang='lat' dir='ltr'><strong>quippe</strong></span> <span class='ocrx_word' id='word_1_164' title='bbox 1632 1370 1660 1420; x_wconf 90' lang='lat' dir='ltr'><strong>et</strong></span> <span class='ocrx_word' id='word_1_165' title='bbox 1674 1363 1762 1420; x_wconf 91' lang='lat' dir='ltr'><strong>anima</strong></span> <span class='ocrx_word' id='word_1_166' title='bbox 1776 1374 1892 1422; x_wconf 89' lang='lat' dir='ltr'><strong>mortem</strong></span> 
     </span>
     <span class='ocr_line' id='line_1_13' title="bbox 208 1448 1898 1544; baseline 0.005 -25"><span class='ocrx_word' id='word_1_167' title='bbox 208 1448 222 1544; x_wconf 74' lang='lat'><strong>⁴,</strong></span> <span class='ocrx_word' id='word_1_168' title='bbox 252 1463 431 1537; x_wconf 69' lang='lat' dir='ltr'><strong>cogitantibus</strong></span> <span class='ocrx_word' id='word_1_169' title='bbox 441 1461 568 1527; x_wconf 86' lang='lat' dir='ltr'><strong>nobis,ct</strong></span> <span class='ocrx_word' id='word_1_170' title='bbox 579 1459 651 1532; x_wconf 92' lang='lat' dir='ltr'><strong>quod</strong></span> <span class='ocrx_word' id='word_1_171' title='bbox 660 1459 722 1514; x_wconf 90' lang='lat' dir='ltr'><strong>inde</strong></span> <span class='ocrx_word' id='word_1_172' title='bbox 731 1457 891 1529; x_wconf 80' lang='lat' dir='ltr'><strong>cogitatione</strong></span> <span class='ocrx_word' id='word_1_173' title='bbox 906 1456 1049 1513; x_wconf 82' lang='lat' dir='ltr'><strong>tormatm.</strong></span> <span class='ocrx_word' id='word_1_174' title='bbox 1104 1463 1190 1518; x_wconf 89' lang='lat' dir='ltr'><strong>suam,</strong></span> <span class='ocrx_word' id='word_1_175' title='bbox 1201 1464 1260 1505; x_wconf 76' lang='lat'><strong>⁰⁰⁰¹</strong></span> <span class='ocrx_word' id='word_1_176' title='bbox 1274 1449 1327 1507; x_wconf 75' lang='grc'><strong>1111</strong></span> <span class='ocrx_word' id='word_1_177' title='bbox 1340 1451 1418 1508; x_wconf 65' lang='lat' dir='ltr'><strong>biiii</strong></span> <span class='ocrx_word' id='word_1_178' title='bbox 1430 1462 1513 1522; x_wconf 65' lang='grc'><strong>111111,</strong></span> <span class='ocrx_word' id='word_1_179' title='bbox 1529 1468 1661 1525; x_wconf 57' lang='grc' dir='ltr'><strong>1ι1181111</strong></span> <span class='ocrx_word' id='word_1_180' title='bbox 1674 1455 1770 1512; x_wconf 68' lang='grc'><strong>1111111111</strong></span> <span class='ocrx_word' id='word_1_181' title='bbox 1788 1456 1845 1513; x_wconf 75' lang='grc'><strong>1111</strong></span> <span class='ocrx_word' id='word_1_182' title='bbox 1855 1456 1898 1512; x_wconf 81' lang='grc'><strong>111·</strong></span> 
     </span>
     <span class='ocr_line' id='line_1_14' title="bbox 207 1542 1897 1644; baseline 0.004 -35"><span class='ocrx_word' id='word_1_183' title='bbox 207 1542 226 1644; x_wconf 61' lang='lat'><strong>3·</strong></span> <span class='ocrx_word' id='word_1_184' title='bbox 251 1549 725 1626; x_wconf 81' lang='lat' dir='ltr'><strong>setqotnocdtett,nnn‹ttsoeran</strong></span> <span class='ocrx_word' id='word_1_185' title='bbox 739 1547 1051 1605; x_wconf 80' lang='lat' dir='ltr'><strong>attannuneersatrtnt·</strong></span> <span class='ocrx_word' id='word_1_186' title='bbox 1103 1542 1317 1612; x_wconf 76' lang='lat' dir='ltr'><strong>oendaasttsed</strong></span> <span class='ocrx_word' id='word_1_187' title='bbox 1331 1544 1753 1618; x_wconf 79' lang='lat' dir='ltr'><strong>inmortaliaideonuacuoatun</strong></span> <span class='ocrx_word' id='word_1_188' title='bbox 1769 1551 1897 1621; x_wconf 80' lang='lat' dir='ltr'><strong>quonian</strong></span> 
     </span>
     <span class='ocr_line' id='line_1_15' title="bbox 203 1635 1898 1716; baseline 0.003 -20"><span class='ocrx_word' id='word_1_189' title='bbox 203 1649 213 1713; x_wconf 70' lang='grc' dir='ltr'><strong>ι</strong></span> <span class='ocrx_word' id='word_1_190' title='bbox 252 1655 354 1714; x_wconf 74' lang='lat' dir='ltr'><strong>mmm,</strong></span> <span class='ocrx_word' id='word_1_191' title='bbox 369 1645 476 1716; x_wconf 90' lang='lat' dir='ltr'><strong>quando</strong></span> <span class='ocrx_word' id='word_1_192' title='bbox 490 1651 649 1715; x_wconf 80' lang='lat' dir='ltr'><strong>praesentent</strong></span> <span class='ocrx_word' id='word_1_193' title='bbox 666 1641 746 1697; x_wconf 82' lang='lat' dir='ltr'><strong>sidem</strong></span> <span class='ocrx_word' id='word_1_194' title='bbox 760 1648 900 1708; x_wconf 88' lang='lat' dir='ltr'><strong>tenemus,</strong></span> <span class='ocrx_word' id='word_1_195' title='bbox 914 1640 1049 1711; x_wconf 87' lang='lat' dir='ltr'><strong>videmus,</strong></span> <span class='ocrx_word' id='word_1_196' title='bbox 1103 1635 1288 1709; x_wconf 86' lang='lat' dir='ltr'><strong>qualicumque</strong></span> <span class='ocrx_word' id='word_1_197' title='bbox 1297 1637 1363 1706; x_wconf 82' lang='lat' dir='ltr'><strong>vita,</strong></span> <span class='ocrx_word' id='word_1_198' title='bbox 1372 1639 1453 1695; x_wconf 89' lang='lat' dir='ltr'><strong>etiam</strong></span> <span class='ocrx_word' id='word_1_199' title='bbox 1461 1653 1522 1695; x_wconf 93' lang='lat' dir='ltr'><strong>cum</strong></span> <span class='ocrx_word' id='word_1_200' title='bbox 1531 1638 1682 1697; x_wconf 88' lang='lat' dir='ltr'><strong>miserrima</strong></span> <span class='ocrx_word' id='word_1_201' title='bbox 1694 1649 1747 1708; x_wconf 90' lang='lat' dir='ltr'><strong>est,</strong></span> <span class='ocrx_word' id='word_1_202' title='bbox 1760 1658 1898 1715; x_wconf 91' lang='lat' dir='ltr'><strong>nunquam</strong></span> 
     </span>
    </p>
   </div>
   <div class='ocr_carea' id='block_1_3' title="bbox 240 1733 1072 5241">
    <p class='ocr_par' dir='ltr' id='par_1_3' title="bbox 240 1733 1072 5241">
     <span class='ocr_line' id='line_1_16' title="bbox 253 1733 1050 1805; baseline -0.011 -7"><span class='ocrx_word' id='word_1_203' title='bbox 253 1755 375 1798; x_wconf 74' lang='lat' dir='ltr'><strong>mamus</strong></span> <span class='ocrx_word' id='word_1_204' title='bbox 393 1738 420 1795; x_wconf 92' lang='lat' dir='ltr'><strong>in</strong></span> <span class='ocrx_word' id='word_1_205' title='bbox 441 1737 533 1803; x_wconf 88' lang='lat' dir='ltr'><strong>nobis;</strong></span> <span class='ocrx_word' id='word_1_206' title='bbox 549 1736 628 1792; x_wconf 91' lang='lat' dir='ltr'><strong>aliam</strong></span> <span class='ocrx_word' id='word_1_207' title='bbox 642 1743 706 1790; x_wconf 90' lang='lat' dir='ltr'><strong>tunc</strong></span> <span class='ocrx_word' id='word_1_208' title='bbox 720 1735 854 1802; x_wconf 88' lang='lat' dir='ltr'><strong>laturam,</strong></span> <span class='ocrx_word' id='word_1_209' title='bbox 868 1733 976 1805; x_wconf 90' lang='lat' dir='ltr'><strong>quando</strong></span> <span class='ocrx_word' id='word_1_210' title='bbox 994 1748 1050 1789; x_wconf 92' lang='lat' dir='ltr'><strong>non</strong></span> 
     </span>
     <span class='ocr_line' id='line_1_17' title="bbox 251 1827 1051 1905; baseline -0.011 -15"><span class='ocrx_word' id='word_1_211' title='bbox 251 1834 349 1905; x_wconf 89' lang='lat' dir='ltr'><strong>ipsam,</strong></span> <span class='ocrx_word' id='word_1_212' title='bbox 365 1831 414 1888; x_wconf 90' lang='lat' dir='ltr'><strong>sed</strong></span> <span class='ocrx_word' id='word_1_213' title='bbox 428 1830 487 1903; x_wconf 75' lang='lat' dir='ltr'><strong>eius</strong></span> <span class='ocrx_word' id='word_1_214' title='bbox 507 1830 581 1887; x_wconf 81' lang='lat' dir='ltr'><strong>velot</strong></span> <span class='ocrx_word' id='word_1_215' title='bbox 597 1827 781 1899; x_wconf 88' lang='lat' dir='ltr'><strong>imaginarium</strong></span> <span class='ocrx_word' id='word_1_216' title='bbox 799 1827 939 1900; x_wconf 81' lang='lat' dir='ltr'><strong>vestigium</strong></span> <span class='ocrx_word' id='word_1_217' title='bbox 953 1827 979 1882; x_wconf 93' lang='lat' dir='ltr'><strong>in</strong></span> <span class='ocrx_word' id='word_1_218' title='bbox 993 1841 1051 1882; x_wconf 87' lang='lat' dir='ltr'><strong>me·</strong></span> 
     </span>
     <span class='ocr_line' id='line_1_18' title="bbox 251 1921 1049 1992; baseline -0.011 -7"><span class='ocrx_word' id='word_1_219' title='bbox 251 1923 526 1992; x_wconf 88' lang='lat' dir='ltr'><strong>moriarecnnditum,</strong></span> <span class='ocrx_word' id='word_1_220' title='bbox 538 1921 724 1980; x_wconf 82' lang='lat' dir='ltr'><strong>recordatione</strong></span> <span class='ocrx_word' id='word_1_221' title='bbox 742 1923 940 1992; x_wconf 89' lang='lat' dir='ltr'><strong>contuebimur,</strong></span> <span class='ocrx_word' id='word_1_222' title='bbox 949 1929 977 1978; x_wconf 91' lang='lat' dir='ltr'><strong>et</strong></span> <span class='ocrx_word' id='word_1_223' title='bbox 993 1921 1049 1977; x_wconf 91' lang='lat' dir='ltr'><strong>duo</strong></span> 
     </span>
     <span class='ocr_line' id='line_1_19' title="bbox 251 2015 1050 2090; baseline -0.005 -14"><span class='ocrx_word' id='word_1_224' title='bbox 251 2021 321 2090; x_wconf 82' lang='lat' dir='ltr'><strong>baec,</strong></span> <span class='ocrx_word' id='word_1_225' title='bbox 338 2020 425 2086; x_wconf 87' lang='lat' dir='ltr'><strong>idest,</strong></span> <span class='ocrx_word' id='word_1_226' title='bbox 439 2016 579 2090; x_wconf 87' lang='lat' dir='ltr'><strong>quoderat</strong></span> <span class='ocrx_word' id='word_1_227' title='bbox 593 2016 620 2072; x_wconf 93' lang='lat' dir='ltr'><strong>in</strong></span> <span class='ocrx_word' id='word_1_228' title='bbox 630 2017 761 2074; x_wconf 88' lang='lat' dir='ltr'><strong>memoria</strong></span> <span class='ocrx_word' id='word_1_229' title='bbox 773 2015 923 2083; x_wconf 88' lang='lat' dir='ltr'><strong>retinentis,</strong></span> <span class='ocrx_word' id='word_1_230' title='bbox 937 2023 965 2072; x_wconf 89' lang='lat' dir='ltr'><strong>et</strong></span> <span class='ocrx_word' id='word_1_231' title='bbox 976 2015 1050 2086; x_wconf 91' lang='lat' dir='ltr'><strong>quod</strong></span> 
     </span>
     <span class='ocr_line' id='line_1_20' title="bbox 250 2107 1050 2183; baseline -0.005 -15"><span class='ocrx_word' id='word_1_232' title='bbox 250 2111 315 2170; x_wconf 91' lang='lat' dir='ltr'><strong>inde</strong></span> <span class='ocrx_word' id='word_1_233' title='bbox 329 2109 492 2183; x_wconf 82' lang='lat' dir='ltr'><strong>imprimitur</strong></span> <span class='ocrx_word' id='word_1_234' title='bbox 509 2109 538 2167; x_wconf 92' lang='lat' dir='ltr'><strong>in</strong></span> <span class='ocrx_word' id='word_1_235' title='bbox 555 2108 613 2166; x_wconf 92' lang='lat' dir='ltr'><strong>acie</strong></span> <span class='ocrx_word' id='word_1_236' title='bbox 627 2107 804 2176; x_wconf 89' lang='lat' dir='ltr'><strong>recordantis,</strong></span> <span class='ocrx_word' id='word_1_237' title='bbox 822 2107 899 2163; x_wconf 88' lang='lat' dir='ltr'><strong>tertia</strong></span> <span class='ocrx_word' id='word_1_238' title='bbox 911 2107 1050 2164; x_wconf 77' lang='lat' dir='ltr'><strong>voluntate</strong></span> 
     </span>
     <span class='ocr_line' id='line_1_21' title="bbox 247 2197 1044 2275; baseline -0.008 -15"><span class='ocrx_word' id='word_1_239' title='bbox 247 2203 399 2275; x_wconf 79' lang='lat' dir='ltr'><strong>iungemus.</strong></span> <span class='ocrx_word' id='word_1_240' title='bbox 411 2201 488 2271; x_wconf 83' lang='lat' dir='ltr'><strong>Quod</strong></span> <span class='ocrx_word' id='word_1_241' title='bbox 502 2208 533 2257; x_wconf 91' lang='lat' dir='ltr'><strong>nt</strong></span> <span class='ocrx_word' id='word_1_242' title='bbox 555 2200 640 2272; x_wconf 83' lang='lat' dir='ltr'><strong>possit</strong></span> <span class='ocrx_word' id='word_1_243' title='bbox 659 2197 781 2269; x_wconf 83' lang='lat' dir='ltr'><strong>intelligi,</strong></span> <span class='ocrx_word' id='word_1_244' title='bbox 796 2213 933 2254; x_wconf 87' lang='lat' dir='ltr'><strong>sumamus</strong></span> <span class='ocrx_word' id='word_1_245' title='bbox 948 2213 1044 2255; x_wconf 81' lang='lat' dir='ltr'><strong>exem·</strong></span> 
     </span>
     <span class='ocr_line' id='line_1_22' title="bbox 249 2293 1048 2369; baseline -0.004 -16"><span class='ocrx_word' id='word_1_246' title='bbox 249 2297 324 2369; x_wconf 92' lang='lat' dir='ltr'><strong>plum</strong></span> <span class='ocrx_word' id='word_1_247' title='bbox 335 2294 370 2353; x_wconf 90' lang='lat' dir='ltr'><strong>de</strong></span> <span class='ocrx_word' id='word_1_248' title='bbox 379 2296 564 2368; x_wconf 89' lang='lat' dir='ltr'><strong>corporalibus</strong></span> <span class='ocrx_word' id='word_1_249' title='bbox 577 2296 669 2363; x_wconf 88' lang='lat' dir='ltr'><strong>rebus,</strong></span> <span class='ocrx_word' id='word_1_250' title='bbox 681 2295 715 2350; x_wconf 85' lang='lat' dir='ltr'><strong>de</strong></span> <span class='ocrx_word' id='word_1_251' title='bbox 729 2293 826 2365; x_wconf 87' lang='lat' dir='ltr'><strong>quibus</strong></span> <span class='ocrx_word' id='word_1_252' title='bbox 838 2293 865 2349; x_wconf 91' lang='lat' dir='ltr'><strong>in</strong></span> <span class='ocrx_word' id='word_1_253' title='bbox 879 2293 948 2350; x_wconf 89' lang='lat' dir='ltr'><strong>libro</strong></span> <span class='ocrx_word' id='word_1_254' title='bbox 961 2293 1048 2350; x_wconf 91' lang='lat' dir='ltr'><strong>unde-</strong></span> 
     </span>
     <span class='ocr_line' id='line_1_23' title="bbox 249 2384 1049 2459; baseline 0 -15"><span class='ocrx_word' id='word_1_255' title='bbox 249 2389 393 2445; x_wconf 90' lang='lat' dir='ltr'><strong>cimosatis</strong></span> <span class='ocrx_word' id='word_1_256' title='bbox 405 2389 489 2444; x_wconf 80' lang='lat' dir='ltr'><strong>lactati</strong></span> <span class='ocrx_word' id='word_1_257' title='bbox 507 2403 601 2444; x_wconf 90' lang='lat' dir='ltr'><strong>sumus</strong></span> <span class='ocrx_word' id='word_1_258' title='bbox 615 2387 698 2459; x_wconf 83' lang='lat' dir='ltr'><strong>(Gap.</strong></span> <span class='ocrx_word' id='word_1_259' title='bbox 711 2386 731 2440; x_wconf 68' lang='grc' dir='ltr'><strong>ι</strong></span> <span class='ocrx_word' id='word_1_260' title='bbox 744 2395 768 2441; x_wconf 86' lang='lat' dir='ltr'><strong>et</strong></span> <span class='ocrx_word' id='word_1_261' title='bbox 784 2402 853 2458; x_wconf 79' lang='lat' dir='ltr'><strong>seqq.</strong></span> <span class='ocrx_word' id='word_1_262' title='bbox 862 2384 885 2458; x_wconf 89' lang='grc'><strong>).</strong></span> <span class='ocrx_word' id='word_1_263' title='bbox 900 2385 1002 2458; x_wconf 89' lang='lat' dir='ltr'><strong>Nempe</strong></span> <span class='ocrx_word' id='word_1_264' title='bbox 1016 2386 1049 2444; x_wconf 92' lang='lat' dir='ltr'><strong>ab</strong></span> 
     </span>
     <span class='ocr_line' id='line_1_24' title="bbox 250 2478 1048 2553; baseline 0.003 -19"><span class='ocrx_word' id='word_1_265' title='bbox 250 2481 422 2538; x_wconf 83' lang='lat' dir='ltr'><strong>interioribus</strong></span> <span class='ocrx_word' id='word_1_266' title='bbox 430 2480 464 2537; x_wconf 90' lang='lat' dir='ltr'><strong>ad</strong></span> <span class='ocrx_word' id='word_1_267' title='bbox 474 2481 615 2553; x_wconf 83' lang='lat' dir='ltr'><strong>superiora</strong></span> <span class='ocrx_word' id='word_1_268' title='bbox 629 2478 816 2547; x_wconf 86' lang='lat' dir='ltr'><strong>ascendentes,</strong></span> <span class='ocrx_word' id='word_1_269' title='bbox 824 2478 868 2534; x_wconf 84' lang='lat' dir='ltr'><strong>vel</strong></span> <span class='ocrx_word' id='word_1_270' title='bbox 880 2478 915 2535; x_wconf 93' lang='lat' dir='ltr'><strong>ab</strong></span> <span class='ocrx_word' id='word_1_271' title='bbox 927 2481 1048 2536; x_wconf 83' lang='lat' dir='ltr'><strong>exterio·</strong></span> 
     </span>
     <span class='ocr_line' id='line_1_25' title="bbox 250 2572 1048 2647; baseline 0.001 -16"><span class='ocrx_word' id='word_1_272' title='bbox 250 2573 326 2631; x_wconf 88' lang='lat' dir='ltr'><strong>ribus</strong></span> <span class='ocrx_word' id='word_1_273' title='bbox 339 2574 373 2631; x_wconf 89' lang='lat' dir='ltr'><strong>ad</strong></span> <span class='ocrx_word' id='word_1_274' title='bbox 397 2575 525 2631; x_wconf 89' lang='lat' dir='ltr'><strong>interiora</strong></span> <span class='ocrx_word' id='word_1_275' title='bbox 547 2572 738 2646; x_wconf 86' lang='lat' dir='ltr'><strong>ingredientes,</strong></span> <span class='ocrx_word' id='word_1_276' title='bbox 765 2574 880 2645; x_wconf 85' lang='lat' dir='ltr'><strong>primam</strong></span> <span class='ocrx_word' id='word_1_277' title='bbox 899 2574 1048 2647; x_wconf 89' lang='lat' dir='ltr'><strong>reperimus</strong></span> 
     </span>
     <span class='ocr_line' id='line_1_26' title="bbox 250 2666 1049 2738; baseline 0.005 -17"><span class='ocrx_word' id='word_1_278' title='bbox 250 2667 398 2723; x_wconf 90' lang='lat' dir='ltr'><strong>trinitatem</strong></span> <span class='ocrx_word' id='word_1_279' title='bbox 414 2669 442 2723; x_wconf 94' lang='lat' dir='ltr'><strong>tn</strong></span> <span class='ocrx_word' id='word_1_280' title='bbox 455 2682 572 2738; x_wconf 88' lang='lat' dir='ltr'><strong>corpore</strong></span> <span class='ocrx_word' id='word_1_281' title='bbox 584 2666 656 2738; x_wconf 90' lang='lat' dir='ltr'><strong>quod</strong></span> <span class='ocrx_word' id='word_1_282' title='bbox 670 2666 794 2736; x_wconf 82' lang='lat' dir='ltr'><strong>videtur,</strong></span> <span class='ocrx_word' id='word_1_283' title='bbox 810 2674 839 2723; x_wconf 91' lang='lat' dir='ltr'><strong>et</strong></span> <span class='ocrx_word' id='word_1_284' title='bbox 859 2667 918 2725; x_wconf 92' lang='lat' dir='ltr'><strong>acie</strong></span> <span class='ocrx_word' id='word_1_285' title='bbox 931 2668 1049 2726; x_wconf 84' lang='lat' dir='ltr'><strong>ridentis</strong></span> 
     </span>
     <span class='ocr_line' id='line_1_27' title="bbox 249 2757 1046 2829; baseline 0.006 -16"><span class='ocrx_word' id='word_1_286' title='bbox 249 2773 384 2829; x_wconf 85' lang='lat' dir='ltr'><strong>quaecum</strong></span> <span class='ocrx_word' id='word_1_287' title='bbox 398 2757 481 2826; x_wconf 80' lang='lat' dir='ltr'><strong>videt,</strong></span> <span class='ocrx_word' id='word_1_288' title='bbox 495 2757 559 2814; x_wconf 91' lang='lat' dir='ltr'><strong>inde</strong></span> <span class='ocrx_word' id='word_1_289' title='bbox 569 2757 709 2828; x_wconf 86' lang='lat' dir='ltr'><strong>lornratnr,</strong></span> <span class='ocrx_word' id='word_1_290' title='bbox 722 2758 788 2814; x_wconf 91' lang='lat' dir='ltr'><strong>etin</strong></span> <span class='ocrx_word' id='word_1_291' title='bbox 801 2759 945 2816; x_wconf 82' lang='lat' dir='ltr'><strong>voluntatis</strong></span> <span class='ocrx_word' id='word_1_292' title='bbox 957 2760 1046 2818; x_wconf 91' lang='lat' dir='ltr'><strong>inteu-</strong></span> 
     </span>
     <span class='ocr_line' id='line_1_28' title="bbox 249 2849 1047 2923; baseline 0.005 -19"><span class='ocrx_word' id='word_1_293' title='bbox 249 2851 324 2906; x_wconf 90' lang='lat' dir='ltr'><strong>tione</strong></span> <span class='ocrx_word' id='word_1_294' title='bbox 335 2865 395 2922; x_wconf 77' lang='lat' dir='ltr'><strong>quaa</strong></span> <span class='ocrx_word' id='word_1_295' title='bbox 408 2859 551 2923; x_wconf 91' lang='lat' dir='ltr'><strong>utrumque</strong></span> <span class='ocrx_word' id='word_1_296' title='bbox 562 2850 710 2922; x_wconf 84' lang='lat' dir='ltr'><strong>conjungit.</strong></span> <span class='ocrx_word' id='word_1_297' title='bbox 726 2849 794 2907; x_wconf 88' lang='lat' dir='ltr'><strong>lluic</strong></span> <span class='ocrx_word' id='word_1_298' title='bbox 806 2851 918 2908; x_wconf 88' lang='lat' dir='ltr'><strong>trinitati</strong></span> <span class='ocrx_word' id='word_1_299' title='bbox 930 2851 1047 2910; x_wconf 87' lang='lat' dir='ltr'><strong>similem</strong></span> 
     </span>
     <span class='ocr_line' id='line_1_29' title="bbox 248 2941 1047 3014; baseline 0.003 -14"><span class='ocrx_word' id='word_1_300' title='bbox 248 2943 451 3010; x_wconf 89' lang='lat' dir='ltr'><strong>constituamus,</strong></span> <span class='ocrx_word' id='word_1_301' title='bbox 470 2957 531 2999; x_wconf 92' lang='lat' dir='ltr'><strong>cnm</strong></span> <span class='ocrx_word' id='word_1_302' title='bbox 546 2941 612 2998; x_wconf 85' lang='lat' dir='ltr'><strong>tides</strong></span> <span class='ocrx_word' id='word_1_303' title='bbox 626 2957 687 3014; x_wconf 80' lang='lat' dir='ltr'><strong>quae</strong></span> <span class='ocrx_word' id='word_1_304' title='bbox 705 2957 777 2999; x_wconf 89' lang='lat' dir='ltr'><strong>nunc</strong></span> <span class='ocrx_word' id='word_1_305' title='bbox 791 2942 862 3000; x_wconf 87' lang='lat' dir='ltr'><strong>ineat</strong></span> <span class='ocrx_word' id='word_1_306' title='bbox 874 2945 964 3014; x_wconf 90' lang='lat' dir='ltr'><strong>nobis,</strong></span> <span class='ocrx_word' id='word_1_307' title='bbox 984 2953 1047 3003; x_wconf 86' lang='lat' dir='ltr'><strong>tan·</strong></span> 
     </span>
     <span class='ocr_line' id='line_1_30' title="bbox 248 3035 1047 3107; baseline 0.006 -16"><span class='ocrx_word' id='word_1_308' title='bbox 248 3051 329 3107; x_wconf 87' lang='lat' dir='ltr'><strong>quana</strong></span> <span class='ocrx_word' id='word_1_309' title='bbox 342 3051 440 3107; x_wconf 89' lang='lat' dir='ltr'><strong>corpus</strong></span> <span class='ocrx_word' id='word_1_310' title='bbox 459 3035 524 3092; x_wconf 91' lang='lat' dir='ltr'><strong>illud</strong></span> <span class='ocrx_word' id='word_1_311' title='bbox 545 3035 573 3092; x_wconf 95' lang='lat' dir='ltr'><strong>in</strong></span> <span class='ocrx_word' id='word_1_312' title='bbox 585 3036 664 3104; x_wconf 87' lang='lat' dir='ltr'><strong>loco,</strong></span> <span class='ocrx_word' id='word_1_313' title='bbox 688 3035 725 3092; x_wconf 90' lang='lat' dir='ltr'><strong>ita</strong></span> <span class='ocrx_word' id='word_1_314' title='bbox 746 3036 775 3093; x_wconf 92' lang='lat' dir='ltr'><strong>in</strong></span> <span class='ocrx_word' id='word_1_315' title='bbox 796 3046 886 3094; x_wconf 91' lang='lat' dir='ltr'><strong>nostra</strong></span> <span class='ocrx_word' id='word_1_316' title='bbox 915 3039 1047 3096; x_wconf 87' lang='lat' dir='ltr'><strong>memoria</strong></span> 
     </span>
     <span class='ocr_line' id='line_1_31' title="bbox 248 3127 1045 3202; baseline 0.008 -19"><span class='ocrx_word' id='word_1_317' title='bbox 248 3129 393 3184; x_wconf 85' lang='lat' dir='ltr'><strong>coriatituta</strong></span> <span class='ocrx_word' id='word_1_318' title='bbox 407 3138 458 3197; x_wconf 88' lang='lat' dir='ltr'><strong>est,</strong></span> <span class='ocrx_word' id='word_1_319' title='bbox 472 3129 506 3185; x_wconf 91' lang='lat' dir='ltr'><strong>de</strong></span> <span class='ocrx_word' id='word_1_320' title='bbox 517 3143 568 3200; x_wconf 91' lang='lat' dir='ltr'><strong>qua</strong></span> <span class='ocrx_word' id='word_1_321' title='bbox 581 3127 742 3186; x_wconf 86' lang='lat' dir='ltr'><strong>inlorrnatnr</strong></span> <span class='ocrx_word' id='word_1_322' title='bbox 755 3130 884 3202; x_wconf 90' lang='lat' dir='ltr'><strong>cogitatio</strong></span> <span class='ocrx_word' id='word_1_323' title='bbox 896 3133 1045 3190; x_wconf 91' lang='lat' dir='ltr'><strong>recordan-</strong></span> 
     </span>
     <span class='ocr_line' id='line_1_32' title="bbox 247 3219 1045 3295; baseline 0.011 -21"><span class='ocrx_word' id='word_1_324' title='bbox 247 3221 294 3288; x_wconf 91' lang='lat' dir='ltr'><strong>tis,</strong></span> <span class='ocrx_word' id='word_1_325' title='bbox 306 3220 374 3276; x_wconf 87' lang='lat' dir='ltr'><strong>sicut</strong></span> <span class='ocrx_word' id='word_1_326' title='bbox 386 3234 419 3277; x_wconf 81' lang='lat' dir='ltr'><strong>ex</strong></span> <span class='ocrx_word' id='word_1_327' title='bbox 434 3219 481 3276; x_wconf 89' lang='lat' dir='ltr'><strong>ilio</strong></span> <span class='ocrx_word' id='word_1_328' title='bbox 491 3235 606 3292; x_wconf 90' lang='lat' dir='ltr'><strong>corpore</strong></span> <span class='ocrx_word' id='word_1_329' title='bbox 619 3221 693 3278; x_wconf 90' lang='lat' dir='ltr'><strong>acies</strong></span> <span class='ocrx_word' id='word_1_330' title='bbox 704 3221 833 3279; x_wconf 90' lang='lat' dir='ltr'><strong>intuentis</strong></span> <span class='ocrx_word' id='word_1_331' title='bbox 847 3241 855 3280; x_wconf 81' lang='lat' dir='ltr'><strong>r</strong></span> <span class='ocrx_word' id='word_1_332' title='bbox 867 3225 963 3295; x_wconf 90' lang='lat' dir='ltr'><strong>quibus</strong></span> <span class='ocrx_word' id='word_1_333' title='bbox 975 3223 1045 3283; x_wconf 88' lang='lat' dir='ltr'><strong>duo·</strong></span> 
     </span>
     <span class='ocr_line' id='line_1_33' title="bbox 246 3313 1043 3386; baseline 0.005 -16"><span class='ocrx_word' id='word_1_334' title='bbox 246 3313 309 3382; x_wconf 92' lang='lat' dir='ltr'><strong>bus,</strong></span> <span class='ocrx_word' id='word_1_335' title='bbox 321 3322 350 3369; x_wconf 93' lang='lat' dir='ltr'><strong>ut</strong></span> <span class='ocrx_word' id='word_1_336' title='bbox 364 3315 468 3370; x_wconf 88' lang='lat' dir='ltr'><strong>trinitas</strong></span> <span class='ocrx_word' id='word_1_337' title='bbox 482 3313 636 3386; x_wconf 86' lang='lat' dir='ltr'><strong>impleatur,</strong></span> <span class='ocrx_word' id='word_1_338' title='bbox 649 3323 843 3371; x_wconf 91' lang='lat' dir='ltr'><strong>annumeratur</strong></span> <span class='ocrx_word' id='word_1_339' title='bbox 858 3316 936 3374; x_wconf 90' lang='lat' dir='ltr'><strong>tertia</strong></span> <span class='ocrx_word' id='word_1_340' title='bbox 945 3317 1043 3374; x_wconf 82' lang='lat' dir='ltr'><strong>rolon-</strong></span> 
     </span>
     <span class='ocr_line' id='line_1_34' title="bbox 246 3405 1043 3482; baseline 0.01 -22"><span class='ocrx_word' id='word_1_341' title='bbox 246 3412 300 3474; x_wconf 87' lang='lat' dir='ltr'><strong>tas,</strong></span> <span class='ocrx_word' id='word_1_342' title='bbox 315 3421 376 3477; x_wconf 84' lang='lat' dir='ltr'><strong>quae</strong></span> <span class='ocrx_word' id='word_1_343' title='bbox 387 3405 467 3462; x_wconf 89' lang='lat' dir='ltr'><strong>iidem</strong></span> <span class='ocrx_word' id='word_1_344' title='bbox 482 3406 508 3461; x_wconf 92' lang='lat' dir='ltr'><strong>in</strong></span> <span class='ocrx_word' id='word_1_345' title='bbox 526 3407 656 3462; x_wconf 88' lang='lat' dir='ltr'><strong>memoria</strong></span> <span class='ocrx_word' id='word_1_346' title='bbox 671 3407 843 3464; x_wconf 88' lang='lat' dir='ltr'><strong>constitutam</strong></span> <span class='ocrx_word' id='word_1_347' title='bbox 858 3417 886 3466; x_wconf 89' lang='lat' dir='ltr'><strong>et</strong></span> <span class='ocrx_word' id='word_1_348' title='bbox 899 3412 1043 3482; x_wconf 89' lang='lat' dir='ltr'><strong>quamdam</strong></span> 
     </span>
     <span class='ocr_line' id='line_1_35' title="bbox 247 3496 1045 3572; baseline 0.006 -19"><span class='ocrx_word' id='word_1_349' title='bbox 247 3496 306 3570; x_wconf 82' lang='lat' dir='ltr'><strong>ejus</strong></span> <span class='ocrx_word' id='word_1_350' title='bbox 336 3497 452 3569; x_wconf 86' lang='lat' dir='ltr'><strong>elligiem</strong></span> <span class='ocrx_word' id='word_1_351' title='bbox 476 3497 503 3554; x_wconf 95' lang='lat' dir='ltr'><strong>in</strong></span> <span class='ocrx_word' id='word_1_352' title='bbox 527 3499 648 3555; x_wconf 89' lang='lat' dir='ltr'><strong>contuitu</strong></span> <span class='ocrx_word' id='word_1_353' title='bbox 666 3499 860 3556; x_wconf 88' lang='lat' dir='ltr'><strong>recordationis</strong></span> <span class='ocrx_word' id='word_1_354' title='bbox 886 3500 1045 3572; x_wconf 90' lang='lat' dir='ltr'><strong>impressam</strong></span> 
     </span>
     <span class='ocr_line' id='line_1_36' title="bbox 248 3590 1045 3663; baseline 0.003 -14"><span class='ocrx_word' id='word_1_355' title='bbox 248 3591 384 3649; x_wconf 89' lang='lat' dir='ltr'><strong>connectit</strong></span> <span class='ocrx_word' id='word_1_356' title='bbox 404 3599 432 3648; x_wconf 90' lang='lat' dir='ltr'><strong>ct</strong></span> <span class='ocrx_word' id='word_1_357' title='bbox 443 3590 598 3662; x_wconf 78' lang='lat' dir='ltr'><strong>conjungit;</strong></span> <span class='ocrx_word' id='word_1_358' title='bbox 621 3590 691 3646; x_wconf 91' lang='lat' dir='ltr'><strong>sicut</strong></span> <span class='ocrx_word' id='word_1_359' title='bbox 710 3591 738 3646; x_wconf 93' lang='lat' dir='ltr'><strong>in</strong></span> <span class='ocrx_word' id='word_1_360' title='bbox 752 3591 798 3646; x_wconf 88' lang='lat' dir='ltr'><strong>illa</strong></span> <span class='ocrx_word' id='word_1_361' title='bbox 811 3594 1045 3663; x_wconf 89' lang='lat' dir='ltr'><strong>corporalistrini-</strong></span> 
     </span>
     <span class='ocr_line' id='line_1_37' title="bbox 251 3675 1072 3754; baseline 0.004 -14"><span class='ocrx_word' id='word_1_362' title='bbox 251 3692 307 3740; x_wconf 89' lang='lat' dir='ltr'><strong>tatc</strong></span> <span class='ocrx_word' id='word_1_363' title='bbox 332 3683 455 3750; x_wconf 78' lang='lat' dir='ltr'><strong>visionis,</strong></span> <span class='ocrx_word' id='word_1_364' title='bbox 469 3682 583 3739; x_wconf 77' lang='lat' dir='ltr'><strong>formam</strong></span> <span class='ocrx_word' id='word_1_365' title='bbox 594 3683 796 3754; x_wconf 87' lang='lat' dir='ltr'><strong>corporisquod</strong></span> <span class='ocrx_word' id='word_1_366' title='bbox 809 3683 924 3753; x_wconf 82' lang='lat' dir='ltr'><strong>ridetur,</strong></span> <span class='ocrx_word' id='word_1_367' title='bbox 939 3694 968 3741; x_wconf 91' lang='lat' dir='ltr'><strong>et</strong></span> <span class='ocrx_word' id='word_1_368' title='bbox 979 3700 1045 3743; x_wconf 91' lang='lat' dir='ltr'><strong>con·</strong></span> <span class='ocrx_word' id='word_1_369' title='bbox 1064 3675 1072 3698; x_wconf 87' lang='lat'><em>&#39;</em></span> 
     </span>
     <span class='ocr_line' id='line_1_38' title="bbox 246 3777 1045 3853; baseline 0.005 -20"><span class='ocrx_word' id='word_1_370' title='bbox 246 3777 433 3834; x_wconf 83' lang='lat' dir='ltr'><strong>formationem</strong></span> <span class='ocrx_word' id='word_1_371' title='bbox 453 3791 512 3848; x_wconf 79' lang='lat' dir='ltr'><strong>quaa</strong></span> <span class='ocrx_word' id='word_1_372' title='bbox 525 3777 556 3832; x_wconf 92' lang='grc' dir='ltr'><strong>ιιι</strong></span> <span class='ocrx_word' id='word_1_373' title='bbox 570 3778 597 3832; x_wconf 92' lang='lat' dir='ltr'><strong>in</strong></span> <span class='ocrx_word' id='word_1_374' title='bbox 611 3777 749 3832; x_wconf 89' lang='lat' dir='ltr'><strong>cernentis</strong></span> <span class='ocrx_word' id='word_1_375' title='bbox 762 3785 873 3849; x_wconf 88' lang='lat' dir='ltr'><strong>aspectu</strong></span> <span class='ocrx_word' id='word_1_376' title='bbox 885 3819 893 3846; x_wconf 93' lang='lat'><strong>,</strong></span> <span class='ocrx_word' id='word_1_377' title='bbox 905 3777 1045 3853; x_wconf 84' lang='lat' dir='ltr'><strong>conjungit</strong></span> 
     </span>
     <span class='ocr_line' id='line_1_39' title="bbox 246 3871 1044 3946; baseline 0.009 -20"><span class='ocrx_word' id='word_1_378' title='bbox 246 3872 359 3928; x_wconf 93' lang='lat' dir='ltr'><strong>intentio</strong></span> <span class='ocrx_word' id='word_1_379' title='bbox 369 3872 524 3928; x_wconf 76' lang='lat' dir='ltr'><strong>voluntatis.</strong></span> <span class='ocrx_word' id='word_1_380' title='bbox 538 3871 679 3927; x_wconf 84' lang='lat' dir='ltr'><strong>Faciamus</strong></span> <span class='ocrx_word' id='word_1_381' title='bbox 691 3886 756 3943; x_wconf 90' lang='lat' dir='ltr'><strong>ergo</strong></span> <span class='ocrx_word' id='word_1_382' title='bbox 775 3887 874 3944; x_wconf 90' lang='lat' dir='ltr'><strong>eorpus</strong></span> <span class='ocrx_word' id='word_1_383' title='bbox 893 3874 959 3931; x_wconf 93' lang='lat' dir='ltr'><strong>illud</strong></span> <span class='ocrx_word' id='word_1_384' title='bbox 971 3876 1044 3946; x_wconf 92' lang='lat' dir='ltr'><strong>quod</strong></span> 
     </span>
     <span class='ocr_line' id='line_1_40' title="bbox 246 3962 1045 4035; baseline 0.009 -18"><span class='ocrx_word' id='word_1_385' title='bbox 246 3963 415 4028; x_wconf 87' lang='lat' dir='ltr'><strong>cernebatur,</strong></span> <span class='ocrx_word' id='word_1_386' title='bbox 430 3962 554 4019; x_wconf 88' lang='lat' dir='ltr'><strong>interisse</strong></span> <span class='ocrx_word' id='word_1_387' title='bbox 574 3962 726 4034; x_wconf 87' lang='lat' dir='ltr'><strong>dilapsum,</strong></span> <span class='ocrx_word' id='word_1_388' title='bbox 741 3978 792 4019; x_wconf 88' lang='lat' dir='ltr'><strong>neo</strong></span> <span class='ocrx_word' id='word_1_389' title='bbox 805 3964 864 4035; x_wconf 80' lang='lat' dir='ltr'><strong>ejus</strong></span> <span class='ocrx_word' id='word_1_390' title='bbox 881 3967 1045 4024; x_wconf 87' lang='lat' dir='ltr'><strong>remansisse</strong></span> 
     </span>
     <span class='ocr_line' id='line_1_41' title="bbox 245 4053 1045 4129; baseline 0.006 -21"><span class='ocrx_word' id='word_1_391' title='bbox 245 4053 345 4124; x_wconf 89' lang='lat' dir='ltr'><strong>aliquid</strong></span> <span class='ocrx_word' id='word_1_392' title='bbox 356 4055 382 4109; x_wconf 87' lang='lat' dir='ltr'><strong>in</strong></span> <span class='ocrx_word' id='word_1_393' title='bbox 393 4054 447 4109; x_wconf 91' lang='lat' dir='ltr'><strong>ulto</strong></span> <span class='ocrx_word' id='word_1_394' title='bbox 459 4053 529 4120; x_wconf 89' lang='lat' dir='ltr'><strong>loco,</strong></span> <span class='ocrx_word' id='word_1_395' title='bbox 544 4055 578 4111; x_wconf 91' lang='lat' dir='ltr'><strong>ad</strong></span> <span class='ocrx_word' id='word_1_396' title='bbox 587 4054 659 4126; x_wconf 91' lang='lat' dir='ltr'><strong>quod</strong></span> <span class='ocrx_word' id='word_1_397' title='bbox 674 4054 817 4110; x_wconf 89' lang='lat' dir='ltr'><strong>videndum</strong></span> <span class='ocrx_word' id='word_1_398' title='bbox 830 4066 952 4113; x_wconf 88' lang='lat' dir='ltr'><strong>recurrat</strong></span> <span class='ocrx_word' id='word_1_399' title='bbox 964 4072 1045 4129; x_wconf 88' lang='lat' dir='ltr'><strong>aspa-</strong></span> 
     </span>
     <span class='ocr_line' id='line_1_42' title="bbox 245 4146 1042 4222; baseline 0.006 -20"><span class='ocrx_word' id='word_1_400' title='bbox 245 4155 305 4202; x_wconf 87' lang='lat' dir='ltr'><strong>ctus</strong></span> <span class='ocrx_word' id='word_1_401' title='bbox 317 4146 466 4217; x_wconf 85' lang='lat' dir='ltr'><strong>:numquid</strong></span> <span class='ocrx_word' id='word_1_402' title='bbox 479 4146 540 4218; x_wconf 89' lang='lat' dir='ltr'><strong>quia</strong></span> <span class='ocrx_word' id='word_1_403' title='bbox 564 4148 654 4218; x_wconf 89' lang='lat' dir='ltr'><strong>imago</strong></span> <span class='ocrx_word' id='word_1_404' title='bbox 664 4148 703 4203; x_wconf 92' lang='lat' dir='ltr'><strong>rei</strong></span> <span class='ocrx_word' id='word_1_405' title='bbox 719 4149 868 4220; x_wconf 88' lang='lat' dir='ltr'><strong>corporalis</strong></span> <span class='ocrx_word' id='word_1_406' title='bbox 885 4151 940 4222; x_wconf 82' lang='lat' dir='ltr'><strong>p&#39;am</strong></span> <span class='ocrx_word' id='word_1_407' title='bbox 953 4158 1042 4207; x_wconf 88' lang='lat' dir='ltr'><strong>trans-</strong></span> 
     </span>
     <span class='ocr_line' id='line_1_43' title="bbox 246 4239 1043 4312; baseline 0.006 -17"><span class='ocrx_word' id='word_1_408' title='bbox 246 4251 314 4296; x_wconf 79' lang='lat' dir='ltr'><strong>actm</strong></span> <span class='ocrx_word' id='word_1_409' title='bbox 326 4251 408 4312; x_wconf 90' lang='lat' dir='ltr'><strong>atque</strong></span> <span class='ocrx_word' id='word_1_410' title='bbox 426 4239 569 4311; x_wconf 73' lang='lat' dir='ltr'><strong>preteritae</strong></span> <span class='ocrx_word' id='word_1_411' title='bbox 581 4247 702 4295; x_wconf 85' lang='lat' dir='ltr'><strong>romanet</strong></span> <span class='ocrx_word' id='word_1_412' title='bbox 715 4240 742 4296; x_wconf 92' lang='lat' dir='ltr'><strong>in</strong></span> <span class='ocrx_word' id='word_1_413' title='bbox 760 4243 902 4311; x_wconf 89' lang='lat' dir='ltr'><strong>memoria,</strong></span> <span class='ocrx_word' id='word_1_414' title='bbox 916 4243 987 4300; x_wconf 90' lang='lat' dir='ltr'><strong>unde</strong></span> <span class='ocrx_word' id='word_1_415' title='bbox 999 4244 1043 4300; x_wconf 92' lang='lat' dir='ltr'><strong>in·</strong></span> 
     </span>
     <span class='ocr_line' id='line_1_44' title="bbox 244 4328 1044 4406; baseline 0.009 -21"><span class='ocrx_word' id='word_1_416' title='bbox 244 4329 377 4388; x_wconf 80' lang='lat' dir='ltr'><strong>formetur</strong></span> <span class='ocrx_word' id='word_1_417' title='bbox 400 4330 567 4388; x_wconf 91' lang='lat' dir='ltr'><strong>recordantis</strong></span> <span class='ocrx_word' id='word_1_418' title='bbox 590 4328 734 4398; x_wconf 90' lang='lat' dir='ltr'><strong>obtutus¹,</strong></span> <span class='ocrx_word' id='word_1_419' title='bbox 750 4341 830 4404; x_wconf 89' lang='lat' dir='ltr'><strong>atque</strong></span> <span class='ocrx_word' id='word_1_420' title='bbox 850 4331 878 4390; x_wconf 92' lang='lat' dir='ltr'><strong>id</strong></span> <span class='ocrx_word' id='word_1_421' title='bbox 901 4344 1044 4406; x_wconf 89' lang='lat' dir='ltr'><strong>utmmque</strong></span> 
     </span>
     <span class='ocr_line' id='line_1_45' title="bbox 245 4422 1042 4494; baseline 0.009 -16"><span class='ocrx_word' id='word_1_422' title='bbox 245 4424 324 4480; x_wconf 92' lang='lat' dir='ltr'><strong>tertia</strong></span> <span class='ocrx_word' id='word_1_423' title='bbox 339 4423 475 4480; x_wconf 81' lang='lat' dir='ltr'><strong>voluntate</strong></span> <span class='ocrx_word' id='word_1_424' title='bbox 485 4422 622 4494; x_wconf 81' lang='lat' dir='ltr'><strong>jungatur,</strong></span> <span class='ocrx_word' id='word_1_425' title='bbox 634 4423 727 4480; x_wconf 88' lang='lat' dir='ltr'><strong>eadem</strong></span> <span class='ocrx_word' id='word_1_426' title='bbox 739 4424 846 4480; x_wconf 90' lang='lat' dir='ltr'><strong>trinitas</strong></span> <span class='ocrx_word' id='word_1_427' title='bbox 855 4432 916 4482; x_wconf 83' lang='lat' dir='ltr'><strong>esse</strong></span> <span class='ocrx_word' id='word_1_428' title='bbox 929 4426 1042 4485; x_wconf 91' lang='lat' dir='ltr'><strong>dicenda</strong></span> 
     </span>
     <span class='ocr_line' id='line_1_46' title="bbox 244 4517 1042 4594; baseline 0.005 -20"><span class='ocrx_word' id='word_1_429' title='bbox 244 4527 297 4587; x_wconf 88' lang='lat' dir='ltr'><strong>est,</strong></span> <span class='ocrx_word' id='word_1_430' title='bbox 310 4533 372 4590; x_wconf 73' lang='lat' dir='ltr'><strong>quae</strong></span> <span class='ocrx_word' id='word_1_431' title='bbox 387 4517 474 4574; x_wconf 88' lang='lat' dir='ltr'><strong>luerat</strong></span> <span class='ocrx_word' id='word_1_432' title='bbox 485 4517 594 4590; x_wconf 91' lang='lat' dir='ltr'><strong>quando</strong></span> <span class='ocrx_word' id='word_1_433' title='bbox 613 4517 718 4590; x_wconf 89' lang='lat' dir='ltr'><strong>species</strong></span> <span class='ocrx_word' id='word_1_434' title='bbox 731 4518 759 4574; x_wconf 91' lang='lat' dir='ltr'><strong>in</strong></span> <span class='ocrx_word' id='word_1_435' title='bbox 779 4518 840 4575; x_wconf 89' lang='lat' dir='ltr'><strong>loco</strong></span> <span class='ocrx_word' id='word_1_436' title='bbox 854 4522 932 4592; x_wconf 90' lang='lat' dir='ltr'><strong>positi</strong></span> <span class='ocrx_word' id='word_1_437' title='bbox 945 4537 1042 4594; x_wconf 88' lang='lat' dir='ltr'><strong>corpo·</strong></span> 
     </span>
     <span class='ocr_line' id='line_1_47' title="bbox 244 4611 1041 4684; baseline 0.006 -15"><span class='ocrx_word' id='word_1_438' title='bbox 244 4613 283 4669; x_wconf 89' lang='lat' dir='ltr'><strong>ris</strong></span> <span class='ocrx_word' id='word_1_439' title='bbox 304 4612 465 4670; x_wconf 79' lang='lat' dir='ltr'><strong>ridebatur?</strong></span> <span class='ocrx_word' id='word_1_440' title='bbox 483 4613 541 4669; x_wconf 88' lang='lat' dir='ltr'><strong>Non</strong></span> <span class='ocrx_word' id='word_1_441' title='bbox 559 4611 661 4684; x_wconf 90' lang='lat' dir='ltr'><strong>utique,</strong></span> <span class='ocrx_word' id='word_1_442' title='bbox 676 4611 725 4669; x_wconf 90' lang='lat' dir='ltr'><strong>sed</strong></span> <span class='ocrx_word' id='word_1_443' title='bbox 749 4628 859 4683; x_wconf 88' lang='lat' dir='ltr'><strong>prorsus</strong></span> <span class='ocrx_word' id='word_1_444' title='bbox 884 4613 935 4669; x_wconf 92' lang='lat' dir='ltr'><strong>alia</strong></span> <span class='ocrx_word' id='word_1_445' title='bbox 951 4634 958 4670; x_wconf 77' lang='lat' dir='ltr'><strong>a</strong></span> <span class='ocrx_word' id='word_1_446' title='bbox 977 4631 1041 4674; x_wconf 92' lang='lat' dir='ltr'><strong>nam</strong></span> 
     </span>
     <span class='ocr_line' id='line_1_48' title="bbox 243 4705 1039 4777; baseline 0.005 -15"><span class='ocrx_word' id='word_1_447' title='bbox 243 4715 343 4775; x_wconf 87' lang='lat' dir='ltr'><strong>praeter</strong></span> <span class='ocrx_word' id='word_1_448' title='bbox 359 4705 429 4776; x_wconf 91' lang='lat' dir='ltr'><strong>quod</strong></span> <span class='ocrx_word' id='word_1_449' title='bbox 445 4705 490 4761; x_wconf 93' lang='lat' dir='ltr'><strong>illa</strong></span> <span class='ocrx_word' id='word_1_450' title='bbox 514 4714 573 4762; x_wconf 91' lang='lat' dir='ltr'><strong>erat</strong></span> <span class='ocrx_word' id='word_1_451' title='bbox 592 4706 769 4773; x_wconf 81' lang='lat' dir='ltr'><strong>extrinsecus,</strong></span> <span class='ocrx_word' id='word_1_452' title='bbox 782 4707 839 4762; x_wconf 73' lang='lat' dir='ltr'><strong>baec</strong></span> <span class='ocrx_word' id='word_1_453' title='bbox 861 4708 1039 4777; x_wconf 84' lang='lat' dir='ltr'><strong>intrinsecos;</strong></span> 
     </span>
     <span class='ocr_line' id='line_1_49' title="bbox 242 4796 1038 4871; baseline 0.006 -19"><span class='ocrx_word' id='word_1_454' title='bbox 242 4796 317 4853; x_wconf 91' lang='lat' dir='ltr'><strong>illam</strong></span> <span class='ocrx_word' id='word_1_455' title='bbox 339 4797 458 4870; x_wconf 88' lang='lat' dir='ltr'><strong>proiecto</strong></span> <span class='ocrx_word' id='word_1_456' title='bbox 482 4796 596 4854; x_wconf 84' lang='lat' dir='ltr'><strong>iaciebat</strong></span> <span class='ocrx_word' id='word_1_457' title='bbox 614 4799 718 4869; x_wconf 89' lang='lat' dir='ltr'><strong>species</strong></span> <span class='ocrx_word' id='word_1_458' title='bbox 739 4801 879 4868; x_wconf 82' lang='lat' dir='ltr'><strong>praesentis</strong></span> <span class='ocrx_word' id='word_1_459' title='bbox 901 4803 1038 4871; x_wconf 87' lang='lat' dir='ltr'><strong>corporis;</strong></span> 
     </span>
     <span class='ocr_line' id='line_1_50' title="bbox 242 4887 1039 4964; baseline 0.011 -20"><span class='ocrx_word' id='word_1_460' title='bbox 242 4887 324 4957; x_wconf 89' lang='lat' dir='ltr'><strong>banc,</strong></span> <span class='ocrx_word' id='word_1_461' title='bbox 338 4889 425 4961; x_wconf 85' lang='lat' dir='ltr'><strong>imago</strong></span> <span class='ocrx_word' id='word_1_462' title='bbox 438 4890 576 4961; x_wconf 74' lang='lat' dir='ltr'><strong>praeteriti.</strong></span> <span class='ocrx_word' id='word_1_463' title='bbox 596 4889 641 4946; x_wconf 83' lang='lat' dir='ltr'><strong>Sic</strong></span> <span class='ocrx_word' id='word_1_464' title='bbox 656 4899 683 4945; x_wconf 90' lang='lat' dir='ltr'><strong>et</strong></span> <span class='ocrx_word' id='word_1_465' title='bbox 702 4890 729 4944; x_wconf 94' lang='lat' dir='ltr'><strong>in</strong></span> <span class='ocrx_word' id='word_1_466' title='bbox 741 4889 792 4948; x_wconf 91' lang='lat' dir='ltr'><strong>bac</strong></span> <span class='ocrx_word' id='word_1_467' title='bbox 804 4907 844 4960; x_wconf 88' lang='lat' dir='ltr'><strong>re,</strong></span> <span class='ocrx_word' id='word_1_468' title='bbox 858 4891 892 4948; x_wconf 89' lang='lat' dir='ltr'><strong>de</strong></span> <span class='ocrx_word' id='word_1_469' title='bbox 904 4907 955 4964; x_wconf 91' lang='lat' dir='ltr'><strong>qua</strong></span> <span class='ocrx_word' id='word_1_470' title='bbox 967 4910 1039 4952; x_wconf 92' lang='lat' dir='ltr'><strong>nunc</strong></span> 
     </span>
     <span class='ocr_line' id='line_1_51' title="bbox 242 4981 1038 5054; baseline 0.01 -18"><span class='ocrx_word' id='word_1_471' title='bbox 242 4981 358 5051; x_wconf 87' lang='lat' dir='ltr'><strong>agimus,</strong></span> <span class='ocrx_word' id='word_1_472' title='bbox 371 4991 398 5038; x_wconf 92' lang='lat' dir='ltr'><strong>et</strong></span> <span class='ocrx_word' id='word_1_473' title='bbox 410 4991 520 5054; x_wconf 87' lang='lat' dir='ltr'><strong>propter</strong></span> <span class='ocrx_word' id='word_1_474' title='bbox 534 4997 614 5053; x_wconf 91' lang='lat' dir='ltr'><strong>quam</strong></span> <span class='ocrx_word' id='word_1_475' title='bbox 635 4981 786 5053; x_wconf 81' lang='lat' dir='ltr'><strong>putavimus</strong></span> <span class='ocrx_word' id='word_1_476' title='bbox 803 4983 985 5042; x_wconf 86' lang='lat' dir='ltr'><strong>adhibendum</strong></span> <span class='ocrx_word' id='word_1_477' title='bbox 1004 4988 1038 5044; x_wconf 92' lang='lat' dir='ltr'><strong>il·</strong></span> 
     </span>
     <span class='ocr_line' id='line_1_52' title="bbox 241 5069 1036 5148; baseline 0.008 -19"><span class='ocrx_word' id='word_1_478' title='bbox 241 5069 289 5129; x_wconf 90' lang='lat' dir='ltr'><strong>lud</strong></span> <span class='ocrx_word' id='word_1_479' title='bbox 299 5073 463 5144; x_wconf 87' lang='lat' dir='ltr'><strong>exemplum,</strong></span> <span class='ocrx_word' id='word_1_480' title='bbox 477 5073 544 5130; x_wconf 86' lang='lat' dir='ltr'><strong>tides</strong></span> <span class='ocrx_word' id='word_1_481' title='bbox 554 5089 614 5146; x_wconf 84' lang='lat' dir='ltr'><strong>qaae</strong></span> <span class='ocrx_word' id='word_1_482' title='bbox 626 5089 698 5130; x_wconf 92' lang='lat' dir='ltr'><strong>nunc</strong></span> <span class='ocrx_word' id='word_1_483' title='bbox 714 5075 742 5130; x_wconf 92' lang='lat' dir='ltr'><strong>in</strong></span> <span class='ocrx_word' id='word_1_484' title='bbox 755 5075 846 5131; x_wconf 90' lang='lat' dir='ltr'><strong>animo</strong></span> <span class='ocrx_word' id='word_1_485' title='bbox 870 5084 963 5134; x_wconf 90' lang='lat' dir='ltr'><strong>nostro</strong></span> <span class='ocrx_word' id='word_1_486' title='bbox 983 5087 1036 5148; x_wconf 89' lang='lat' dir='ltr'><strong>est,</strong></span> 
     </span>
     <span class='ocr_line' id='line_1_53' title="bbox 240 5165 1035 5241; baseline 0.01 -23"><span class='ocrx_word' id='word_1_487' title='bbox 240 5165 317 5222; x_wconf 78' lang='lat' dir='ltr'><strong>uelut</strong></span> <span class='ocrx_word' id='word_1_488' title='bbox 333 5165 398 5222; x_wconf 92' lang='lat' dir='ltr'><strong>illud</strong></span> <span class='ocrx_word' id='word_1_489' title='bbox 419 5181 517 5237; x_wconf 88' lang='lat' dir='ltr'><strong>corpas</strong></span> <span class='ocrx_word' id='word_1_490' title='bbox 530 5167 558 5222; x_wconf 93' lang='lat' dir='ltr'><strong>in</strong></span> <span class='ocrx_word' id='word_1_491' title='bbox 573 5166 643 5234; x_wconf 93' lang='lat' dir='ltr'><strong>loco,</strong></span> <span class='ocrx_word' id='word_1_492' title='bbox 667 5167 730 5222; x_wconf 92' lang='lat' dir='ltr'><strong>dum</strong></span> <span class='ocrx_word' id='word_1_493' title='bbox 757 5175 873 5237; x_wconf 89' lang='lat' dir='ltr'><strong>tenetur,</strong></span> <span class='ocrx_word' id='word_1_494' title='bbox 898 5171 1035 5241; x_wconf 87' lang='lat' dir='ltr'><strong>aspicitur,</strong></span> 
     </span>
    </p>
   </div>
   <div class='ocr_carea' id='block_1_4' title="bbox 1092 1727 1899 4865">
    <p class='ocr_par' dir='ltr' id='par_1_4' title="bbox 1092 1727 1899 4865">
     <span class='ocr_line' id='line_1_54' title="bbox 1103 1727 1897 1803; baseline 0.015 -20"><span class='ocrx_word' id='word_1_495' title='bbox 1103 1727 1201 1785; x_wconf 89' lang='lat' dir='ltr'><strong>desinit</strong></span> <span class='ocrx_word' id='word_1_496' title='bbox 1213 1729 1303 1787; x_wconf 81' lang='lat' dir='ltr'><strong>uivere</strong></span> <span class='ocrx_word' id='word_1_497' title='bbox 1318 1749 1325 1786; x_wconf 82' lang='lat' dir='ltr'><strong>a</strong></span> <span class='ocrx_word' id='word_1_498' title='bbox 1338 1731 1374 1786; x_wconf 89' lang='lat' dir='ltr'><strong>ita</strong></span> <span class='ocrx_word' id='word_1_499' title='bbox 1386 1733 1507 1803; x_wconf 81' lang='lat' dir='ltr'><strong>quamvis</strong></span> <span class='ocrx_word' id='word_1_500' title='bbox 1518 1733 1640 1791; x_wconf 76' lang='lat' dir='ltr'><strong>rational</strong></span> <span class='ocrx_word' id='word_1_501' title='bbox 1658 1734 1812 1795; x_wconf 86' lang='lat' dir='ltr'><strong>intellectus</strong></span> <span class='ocrx_word' id='word_1_502' title='bbox 1824 1753 1897 1795; x_wconf 90' lang='lat' dir='ltr'><strong>nunc</strong></span> 
     </span>
     <span class='ocr_line' id='line_1_55' title="bbox 1103 1821 1897 1902; baseline 0.014 -25"><span class='ocrx_word' id='word_1_503' title='bbox 1103 1821 1130 1877; x_wconf 93' lang='lat' dir='ltr'><strong>in</strong></span> <span class='ocrx_word' id='word_1_504' title='bbox 1144 1823 1218 1879; x_wconf 90' lang='lat' dir='ltr'><strong>easit</strong></span> <span class='ocrx_word' id='word_1_505' title='bbox 1231 1825 1343 1895; x_wconf 85' lang='lat' dir='ltr'><strong>sopitus,</strong></span> <span class='ocrx_word' id='word_1_506' title='bbox 1355 1841 1426 1882; x_wconf 92' lang='lat' dir='ltr'><strong>nunc</strong></span> <span class='ocrx_word' id='word_1_507' title='bbox 1436 1841 1543 1898; x_wconf 81' lang='lat' dir='ltr'><strong>parvus,</strong></span> <span class='ocrx_word' id='word_1_508' title='bbox 1557 1843 1629 1886; x_wconf 90' lang='lat' dir='ltr'><strong>nunc</strong></span> <span class='ocrx_word' id='word_1_509' title='bbox 1639 1844 1751 1902; x_wconf 89' lang='lat' dir='ltr'><strong>magnus</strong></span> <span class='ocrx_word' id='word_1_510' title='bbox 1760 1841 1897 1902; x_wconf 88' lang='lat' dir='ltr'><strong>appareat,</strong></span> 
     </span>
     <span class='ocr_line' id='line_1_56' title="bbox 1102 1917 1898 1988; baseline 0.015 -17"><span class='ocrx_word' id='word_1_511' title='bbox 1102 1930 1239 1988; x_wconf 90' lang='lat' dir='ltr'><strong>nunquam</strong></span> <span class='ocrx_word' id='word_1_512' title='bbox 1260 1917 1312 1974; x_wconf 90' lang='lat' dir='ltr'><strong>nisi</strong></span> <span class='ocrx_word' id='word_1_513' title='bbox 1339 1919 1476 1976; x_wconf 86' lang='lat' dir='ltr'><strong>rationalis</strong></span> <span class='ocrx_word' id='word_1_514' title='bbox 1497 1929 1525 1978; x_wconf 90' lang='lat' dir='ltr'><strong>et</strong></span> <span class='ocrx_word' id='word_1_515' title='bbox 1552 1922 1737 1980; x_wconf 89' lang='lat' dir='ltr'><strong>intellectualis</strong></span> <span class='ocrx_word' id='word_1_516' title='bbox 1751 1931 1795 1981; x_wconf 88' lang='lat' dir='ltr'><strong>est</strong></span> <span class='ocrx_word' id='word_1_517' title='bbox 1810 1927 1898 1983; x_wconf 91' lang='lat' dir='ltr'><strong>anima</strong></span> 
     </span>
     <span class='ocr_line' id='line_1_57' title="bbox 1102 2011 1899 2086; baseline 0.013 -20"><span class='ocrx_word' id='word_1_518' title='bbox 1102 2011 1237 2080; x_wconf 90' lang='lat' dir='ltr'><strong>bumana;</strong></span> <span class='ocrx_word' id='word_1_519' title='bbox 1259 2027 1291 2069; x_wconf 87' lang='lat' dir='ltr'><strong>aa</strong></span> <span class='ocrx_word' id='word_1_520' title='bbox 1303 2028 1352 2086; x_wconf 87' lang='lat' dir='ltr'><strong>per</strong></span> <span class='ocrx_word' id='word_1_521' title='bbox 1368 2012 1420 2071; x_wconf 90' lang='lat' dir='ltr'><strong>boc</strong></span> <span class='ocrx_word' id='word_1_522' title='bbox 1439 2015 1461 2070; x_wconf 88' lang='lat' dir='ltr'><strong>si</strong></span> <span class='ocrx_word' id='word_1_523' title='bbox 1474 2015 1620 2074; x_wconf 86' lang='lat' dir='ltr'><strong>secundum</strong></span> <span class='ocrx_word' id='word_1_524' title='bbox 1642 2015 1694 2075; x_wconf 91' lang='lat' dir='ltr'><strong>boe</strong></span> <span class='ocrx_word' id='word_1_525' title='bbox 1715 2017 1783 2074; x_wconf 89' lang='lat' dir='ltr'><strong>lacta</strong></span> <span class='ocrx_word' id='word_1_526' title='bbox 1802 2031 1845 2077; x_wconf 87' lang='lat' dir='ltr'><strong>est</strong></span> <span class='ocrx_word' id='word_1_527' title='bbox 1865 2019 1899 2076; x_wconf 93' lang='lat' dir='ltr'><strong>ad</strong></span> 
     </span>
     <span class='ocr_line' id='line_1_58' title="bbox 1102 2104 1899 2180; baseline 0.011 -20"><span class='ocrx_word' id='word_1_528' title='bbox 1102 2104 1245 2177; x_wconf 86' lang='lat' dir='ltr'><strong>imaginem</strong></span> <span class='ocrx_word' id='word_1_529' title='bbox 1259 2106 1305 2162; x_wconf 82' lang='lat' dir='ltr'><strong>liei</strong></span> <span class='ocrx_word' id='word_1_530' title='bbox 1319 2107 1390 2180; x_wconf 91' lang='lat' dir='ltr'><strong>quad</strong></span> <span class='ocrx_word' id='word_1_531' title='bbox 1405 2108 1443 2164; x_wconf 90' lang='lat' dir='ltr'><strong>uti</strong></span> <span class='ocrx_word' id='word_1_532' title='bbox 1452 2107 1555 2166; x_wconf 90' lang='lat' dir='ltr'><strong>ratione</strong></span> <span class='ocrx_word' id='word_1_533' title='bbox 1567 2117 1648 2180; x_wconf 92' lang='lat' dir='ltr'><strong>atque</strong></span> <span class='ocrx_word' id='word_1_534' title='bbox 1659 2110 1796 2169; x_wconf 88' lang='lat' dir='ltr'><strong>intellectu</strong></span> <span class='ocrx_word' id='word_1_535' title='bbox 1806 2111 1842 2169; x_wconf 93' lang='lat' dir='ltr'><strong>ad</strong></span> <span class='ocrx_word' id='word_1_536' title='bbox 1854 2113 1899 2169; x_wconf 89' lang='lat' dir='ltr'><strong>in·</strong></span> 
     </span>
     <span class='ocr_line' id='line_1_59' title="bbox 1103 2198 1899 2277; baseline 0.011 -23"><span class='ocrx_word' id='word_1_537' title='bbox 1103 2198 1275 2269; x_wconf 88' lang='lat' dir='ltr'><strong>telligendum</strong></span> <span class='ocrx_word' id='word_1_538' title='bbox 1298 2209 1325 2256; x_wconf 90' lang='lat' dir='ltr'><strong>et</strong></span> <span class='ocrx_word' id='word_1_539' title='bbox 1347 2201 1565 2272; x_wconf 88' lang='lat' dir='ltr'><strong>conspiciendum</strong></span> <span class='ocrx_word' id='word_1_540' title='bbox 1592 2203 1676 2259; x_wconf 86' lang='lat' dir='ltr'><strong>baum</strong></span> <span class='ocrx_word' id='word_1_541' title='bbox 1688 2213 1791 2276; x_wconf 76' lang='lat' dir='ltr'><strong>potest,</strong></span> <span class='ocrx_word' id='word_1_542' title='bbox 1806 2205 1899 2277; x_wconf 82' lang='lat' dir='ltr'><strong>proie-</strong></span> 
     </span>
     <span class='ocr_line' id='line_1_60' title="bbox 1102 2290 1899 2369; baseline 0.011 -23"><span class='ocrx_word' id='word_1_543' title='bbox 1102 2300 1146 2347; x_wconf 89' lang='lat' dir='ltr'><strong>cto</strong></span> <span class='ocrx_word' id='word_1_544' title='bbox 1157 2290 1191 2345; x_wconf 93' lang='lat' dir='ltr'><strong>ab</strong></span> <span class='ocrx_word' id='word_1_545' title='bbox 1201 2291 1276 2347; x_wconf 89' lang='lat' dir='ltr'><strong>initio</strong></span> <span class='ocrx_word' id='word_1_546' title='bbox 1289 2305 1343 2363; x_wconf 91' lang='lat' dir='ltr'><strong>quo</strong></span> <span class='ocrx_word' id='word_1_547' title='bbox 1357 2307 1417 2349; x_wconf 90' lang='lat' dir='ltr'><strong>esse</strong></span> <span class='ocrx_word' id='word_1_548' title='bbox 1435 2294 1576 2364; x_wconf 85' lang='lat' dir='ltr'><strong>caepitiata</strong></span> <span class='ocrx_word' id='word_1_549' title='bbox 1587 2303 1642 2351; x_wconf 90' lang='lat' dir='ltr'><strong>tam</strong></span> <span class='ocrx_word' id='word_1_550' title='bbox 1660 2311 1754 2369; x_wconf 86' lang='lat' dir='ltr'><strong>magna</strong></span> <span class='ocrx_word' id='word_1_551' title='bbox 1780 2304 1808 2354; x_wconf 90' lang='lat' dir='ltr'><strong>et</strong></span> <span class='ocrx_word' id='word_1_552' title='bbox 1827 2299 1899 2356; x_wconf 92' lang='lat' dir='ltr'><strong>mira</strong></span> 
     </span>
     <span class='ocr_line' id='line_1_61' title="bbox 1102 2385 1899 2462; baseline 0.01 -22"><span class='ocrx_word' id='word_1_553' title='bbox 1102 2394 1206 2451; x_wconf 91' lang='lat' dir='ltr'><strong>natura,</strong></span> <span class='ocrx_word' id='word_1_554' title='bbox 1220 2385 1322 2442; x_wconf 88' lang='lat' dir='ltr'><strong>sireita</strong></span> <span class='ocrx_word' id='word_1_555' title='bbox 1340 2386 1460 2444; x_wconf 90' lang='lat' dir='ltr'><strong>obsoleta</strong></span> <span class='ocrx_word' id='word_1_556' title='bbox 1473 2387 1508 2444; x_wconf 90' lang='lat' dir='ltr'><strong>sit</strong></span> <span class='ocrx_word' id='word_1_557' title='bbox 1521 2387 1580 2445; x_wconf 85' lang='lat' dir='ltr'><strong>baec</strong></span> <span class='ocrx_word' id='word_1_558' title='bbox 1593 2389 1691 2462; x_wconf 90' lang='lat' dir='ltr'><strong>imago,</strong></span> <span class='ocrx_word' id='word_1_559' title='bbox 1704 2398 1735 2446; x_wconf 93' lang='lat' dir='ltr'><strong>ut</strong></span> <span class='ocrx_word' id='word_1_560' title='bbox 1746 2407 1813 2462; x_wconf 91' lang='lat' dir='ltr'><strong>pene</strong></span> <span class='ocrx_word' id='word_1_561' title='bbox 1825 2393 1899 2449; x_wconf 89' lang='lat' dir='ltr'><strong>nulla</strong></span> 
     </span>
     <span class='ocr_line' id='line_1_62' title="bbox 1101 2477 1899 2555; baseline 0.008 -21"><span class='ocrx_word' id='word_1_562' title='bbox 1101 2477 1146 2546; x_wconf 88' lang='lat' dir='ltr'><strong>sit,</strong></span> <span class='ocrx_word' id='word_1_563' title='bbox 1162 2479 1218 2534; x_wconf 87' lang='lat' dir='ltr'><strong>siue</strong></span> <span class='ocrx_word' id='word_1_564' title='bbox 1231 2477 1434 2550; x_wconf 80' lang='lat' dir='ltr'><strong>obscuramque</strong></span> <span class='ocrx_word' id='word_1_565' title='bbox 1446 2477 1583 2546; x_wconf 82' lang='lat' dir='ltr'><strong>tatormta,</strong></span> <span class='ocrx_word' id='word_1_566' title='bbox 1597 2480 1654 2538; x_wconf 87' lang='lat' dir='ltr'><strong>sive</strong></span> <span class='ocrx_word' id='word_1_567' title='bbox 1665 2481 1739 2538; x_wconf 88' lang='lat' dir='ltr'><strong>clara</strong></span> <span class='ocrx_word' id='word_1_568' title='bbox 1750 2491 1778 2539; x_wconf 89' lang='lat' dir='ltr'><strong>et</strong></span> <span class='ocrx_word' id='word_1_569' title='bbox 1787 2483 1899 2555; x_wconf 91' lang='lat' dir='ltr'><strong>pulobra</strong></span> 
     </span>
     <span class='ocr_line' id='line_1_63' title="bbox 1101 2569 1898 2646; baseline 0.008 -20"><span class='ocrx_word' id='word_1_570' title='bbox 1101 2571 1147 2637; x_wconf 88' lang='lat' dir='ltr'><strong>sit,</strong></span> <span class='ocrx_word' id='word_1_571' title='bbox 1158 2583 1265 2641; x_wconf 88' lang='lat' dir='ltr'><strong>semper</strong></span> <span class='ocrx_word' id='word_1_572' title='bbox 1277 2578 1327 2627; x_wconf 89' lang='lat' dir='ltr'><strong>est.</strong></span> <span class='ocrx_word' id='word_1_573' title='bbox 1343 2569 1463 2642; x_wconf 82' lang='lat' dir='ltr'><strong>lienique</strong></span> <span class='ocrx_word' id='word_1_574' title='bbox 1473 2569 1673 2630; x_wconf 78' lang='lat' dir='ltr'><strong>deformitatem</strong></span> <span class='ocrx_word' id='word_1_575' title='bbox 1687 2573 1826 2646; x_wconf 89' lang='lat' dir='ltr'><strong>dignitatis</strong></span> <span class='ocrx_word' id='word_1_576' title='bbox 1841 2575 1898 2646; x_wconf 81' lang='lat' dir='ltr'><strong>eius</strong></span> 
     </span>
     <span class='ocr_line' id='line_1_64' title="bbox 1101 2661 1898 2740; baseline 0.006 -22"><span class='ocrx_word' id='word_1_577' title='bbox 1101 2662 1233 2719; x_wconf 87' lang='lat' dir='ltr'><strong>miserans</strong></span> <span class='ocrx_word' id='word_1_578' title='bbox 1242 2662 1330 2719; x_wconf 84' lang='lat' dir='ltr'><strong>divina</strong></span> <span class='ocrx_word' id='word_1_579' title='bbox 1342 2661 1489 2735; x_wconf 89' lang='lat' dir='ltr'><strong>Scriptura,</strong></span> <span class='ocrx_word' id='word_1_580' title='bbox 1505 2664 1667 2738; x_wconf 81' lang='lat' dir='ltr'><strong>Quanquam,</strong></span> <span class='ocrx_word' id='word_1_581' title='bbox 1682 2668 1778 2740; x_wconf 90' lang='lat' dir='ltr'><strong>inquit,</strong></span> <span class='ocrx_word' id='word_1_582' title='bbox 1799 2669 1898 2723; x_wconf 85' lang='lat' dir='ltr'><strong>inima-</strong></span> 
     </span>
     <span class='ocr_line' id='line_1_65' title="bbox 1100 2755 1898 2828; baseline 0.01 -18"><span class='ocrx_word' id='word_1_583' title='bbox 1100 2757 1159 2828; x_wconf 79' lang='lat' dir='ltr'><strong>gina</strong></span> <span class='ocrx_word' id='word_1_584' title='bbox 1176 2755 1310 2811; x_wconf 85' lang='lat' dir='ltr'><strong>¹amiulat</strong></span> <span class='ocrx_word' id='word_1_585' title='bbox 1323 2756 1409 2825; x_wconf 81' lang='lat' dir='ltr'><strong>bomo,</strong></span> <span class='ocrx_word' id='word_1_586' title='bbox 1418 2765 1502 2812; x_wconf 82' lang='lat' dir='ltr'><strong>tantett</strong></span> <span class='ocrx_word' id='word_1_587' title='bbox 1515 2772 1578 2814; x_wconf 83' lang='lat' dir='ltr'><strong>uano</strong></span> <span class='ocrx_word' id='word_1_588' title='bbox 1586 2761 1898 2818; x_wconf 74' lang='lat' dir='ltr'><strong>aantnrtmarrttnaaurt-</strong></span> 
     </span>
     <span class='ocr_line' id='line_1_66' title="bbox 1100 2847 1898 2926; baseline 0.01 -23"><span class='ocrx_word' id='word_1_589' title='bbox 1100 2855 1152 2916; x_wconf 81' lang='lat' dir='ltr'><strong>sat,</strong></span> <span class='ocrx_word' id='word_1_590' title='bbox 1164 2857 1190 2904; x_wconf 83' lang='lat' dir='ltr'><strong>et</strong></span> <span class='ocrx_word' id='word_1_591' title='bbox 1198 2848 1277 2904; x_wconf 74' lang='lat' dir='ltr'><strong>amcit</strong></span> <span class='ocrx_word' id='word_1_592' title='bbox 1289 2847 1331 2903; x_wconf 88' lang='lat' dir='ltr'><strong>cui</strong></span> <span class='ocrx_word' id='word_1_593' title='bbox 1343 2849 1502 2922; x_wconf 75' lang='lat' dir='ltr'><strong>congregabit</strong></span> <span class='ocrx_word' id='word_1_594' title='bbox 1510 2867 1540 2907; x_wconf 88' lang='lat' dir='ltr'><strong>ea</strong></span> <span class='ocrx_word' id='word_1_595' title='bbox 1554 2849 1647 2925; x_wconf 82' lang='lat' dir='ltr'><strong>(Pani.</strong></span> <span class='ocrx_word' id='word_1_596' title='bbox 1660 2854 1797 2921; x_wconf 70' lang='lat' dir='ltr'><strong>streuui</strong></span> <span class='ocrx_word' id='word_1_597' title='bbox 1808 2855 1829 2926; x_wconf 88' lang='lat'><strong>).</strong></span> <span class='ocrx_word' id='word_1_598' title='bbox 1840 2853 1898 2911; x_wconf 83' lang='lat' dir='ltr'><strong>lion</strong></span> 
     </span>
     <span class='ocr_line' id='line_1_67' title="bbox 1100 2942 1897 3016; baseline 0.005 -16"><span class='ocrx_word' id='word_1_599' title='bbox 1100 2942 1190 3016; x_wconf 91' lang='lat' dir='ltr'><strong>itaquo</strong></span> <span class='ocrx_word' id='word_1_600' title='bbox 1202 2943 1347 3000; x_wconf 84' lang='lat' dir='ltr'><strong>vanitatem</strong></span> <span class='ocrx_word' id='word_1_601' title='bbox 1361 2943 1469 3016; x_wconf 89' lang='lat' dir='ltr'><strong>imagini</strong></span> <span class='ocrx_word' id='word_1_602' title='bbox 1479 2944 1527 3002; x_wconf 86' lang='lat' dir='ltr'><strong>bei</strong></span> <span class='ocrx_word' id='word_1_603' title='bbox 1541 2945 1679 3015; x_wconf 89' lang='lat' dir='ltr'><strong>tribueret,</strong></span> <span class='ocrx_word' id='word_1_604' title='bbox 1691 2946 1741 3003; x_wconf 89' lang='lat' dir='ltr'><strong>nisi</strong></span> <span class='ocrx_word' id='word_1_605' title='bbox 1749 2947 1897 3004; x_wconf 77' lang='lat' dir='ltr'><strong>deformem</strong></span> 
     </span>
     <span class='ocr_line' id='line_1_68' title="bbox 1100 3034 1897 3096; baseline 0.005 -4"><span class='ocrx_word' id='word_1_606' title='bbox 1100 3034 1342 3093; x_wconf 86' lang='lat' dir='ltr'><strong>cerneretlactam.</strong></span> <span class='ocrx_word' id='word_1_607' title='bbox 1356 3035 1414 3093; x_wconf 82' lang='lat' dir='ltr'><strong>liec</strong></span> <span class='ocrx_word' id='word_1_608' title='bbox 1427 3044 1530 3093; x_wconf 90' lang='lat' dir='ltr'><strong>tantum</strong></span> <span class='ocrx_word' id='word_1_609' title='bbox 1551 3037 1641 3095; x_wconf 82' lang='lat' dir='ltr'><strong>valere</strong></span> <span class='ocrx_word' id='word_1_610' title='bbox 1661 3039 1897 3096; x_wconf 90' lang='lat' dir='ltr'><strong>illamdelormita-</strong></span> 
     </span>
     <span class='ocr_line' id='line_1_69' title="bbox 1100 3128 1896 3203; baseline 0.004 -17"><span class='ocrx_word' id='word_1_611' title='bbox 1100 3135 1166 3199; x_wconf 92' lang='lat' dir='ltr'><strong>tcm,</strong></span> <span class='ocrx_word' id='word_1_612' title='bbox 1181 3136 1211 3184; x_wconf 94' lang='lat' dir='ltr'><strong>ut</strong></span> <span class='ocrx_word' id='word_1_613' title='bbox 1230 3128 1333 3185; x_wconf 89' lang='lat' dir='ltr'><strong>aulerat</strong></span> <span class='ocrx_word' id='word_1_614' title='bbox 1351 3129 1422 3201; x_wconf 91' lang='lat' dir='ltr'><strong>quad</strong></span> <span class='ocrx_word' id='word_1_615' title='bbox 1436 3131 1524 3202; x_wconf 85' lang='lat' dir='ltr'><strong>imago</strong></span> <span class='ocrx_word' id='word_1_616' title='bbox 1539 3139 1597 3201; x_wconf 87' lang='lat' dir='ltr'><strong>est,</strong></span> <span class='ocrx_word' id='word_1_617' title='bbox 1615 3130 1681 3188; x_wconf 89' lang='lat' dir='ltr'><strong>satis</strong></span> <span class='ocrx_word' id='word_1_618' title='bbox 1706 3133 1838 3203; x_wconf 92' lang='lat' dir='ltr'><strong>ostendit,</strong></span> <span class='ocrx_word' id='word_1_619' title='bbox 1855 3133 1896 3189; x_wconf 89' lang='lat' dir='ltr'><strong>di·</strong></span> 
     </span>
     <span class='ocr_line' id='line_1_70' title="bbox 1099 3220 1896 3297; baseline 0.005 -19"><span class='ocrx_word' id='word_1_620' title='bbox 1099 3220 1196 3290; x_wconf 84' lang='lat' dir='ltr'><strong>centio,</strong></span> <span class='ocrx_word' id='word_1_621' title='bbox 1213 3220 1366 3293; x_wconf 86' lang='lat' dir='ltr'><strong>Quanquam</strong></span> <span class='ocrx_word' id='word_1_622' title='bbox 1380 3222 1407 3277; x_wconf 90' lang='lat' dir='ltr'><strong>in</strong></span> <span class='ocrx_word' id='word_1_623' title='bbox 1418 3221 1529 3296; x_wconf 77' lang='lat' dir='ltr'><strong>imagine</strong></span> <span class='ocrx_word' id='word_1_624' title='bbox 1540 3223 1653 3278; x_wconf 74' lang='lat' dir='ltr'><strong>maniat</strong></span> <span class='ocrx_word' id='word_1_625' title='bbox 1673 3224 1759 3279; x_wconf 83' lang='lat' dir='ltr'><strong>bomo.</strong></span> <span class='ocrx_word' id='word_1_626' title='bbox 1774 3225 1896 3297; x_wconf 81' lang='lat' dir='ltr'><strong>Quapro-</strong></span> 
     </span>
     <span class='ocr_line' id='line_1_71' title="bbox 1101 3315 1898 3386; baseline 0.001 -17"><span class='ocrx_word' id='word_1_627' title='bbox 1101 3321 1161 3384; x_wconf 91' lang='lat' dir='ltr'><strong>pter</strong></span> <span class='ocrx_word' id='word_1_628' title='bbox 1174 3329 1206 3369; x_wconf 86' lang='lat' dir='ltr'><strong>ex</strong></span> <span class='ocrx_word' id='word_1_629' title='bbox 1228 3321 1342 3385; x_wconf 88' lang='lat' dir='ltr'><strong>utraque</strong></span> <span class='ocrx_word' id='word_1_630' title='bbox 1362 3322 1438 3384; x_wconf 92' lang='lat' dir='ltr'><strong>parte</strong></span> <span class='ocrx_word' id='word_1_631' title='bbox 1464 3315 1596 3371; x_wconf 84' lang='lat' dir='ltr'><strong>veraciter</strong></span> <span class='ocrx_word' id='word_1_632' title='bbox 1623 3315 1788 3385; x_wconf 88' lang='lat' dir='ltr'><strong>pronuntiari</strong></span> <span class='ocrx_word' id='word_1_633' title='bbox 1811 3322 1898 3386; x_wconf 86' lang='lat' dir='ltr'><strong>potest</strong></span> 
     </span>
     <span class='ocr_line' id='line_1_72' title="bbox 1099 3405 1896 3480; baseline 0.004 -18"><span class='ocrx_word' id='word_1_634' title='bbox 1099 3406 1150 3462; x_wconf 91' lang='lat' dir='ltr'><strong>ista</strong></span> <span class='ocrx_word' id='word_1_635' title='bbox 1166 3407 1308 3475; x_wconf 89' lang='lat' dir='ltr'><strong>sententia,</strong></span> <span class='ocrx_word' id='word_1_636' title='bbox 1333 3414 1362 3464; x_wconf 88' lang='lat' dir='ltr'><strong>ut</strong></span> <span class='ocrx_word' id='word_1_637' title='bbox 1376 3405 1601 3480; x_wconf 86' lang='lat' dir='ltr'><strong>quemadmodum</strong></span> <span class='ocrx_word' id='word_1_638' title='bbox 1616 3407 1716 3465; x_wconf 89' lang='lat' dir='ltr'><strong>dictum</strong></span> <span class='ocrx_word' id='word_1_639' title='bbox 1730 3418 1790 3479; x_wconf 89' lang='lat' dir='ltr'><strong>est,</strong></span> <span class='ocrx_word' id='word_1_640' title='bbox 1807 3410 1896 3479; x_wconf 83' lang='lat' dir='ltr'><strong>Quan-</strong></span> 
     </span>
     <span class='ocr_line' id='line_1_73' title="bbox 1098 3499 1896 3573; baseline 0.003 -19"><span class='ocrx_word' id='word_1_641' title='bbox 1098 3515 1174 3573; x_wconf 90' lang='lat' dir='ltr'><strong>quam</strong></span> <span class='ocrx_word' id='word_1_642' title='bbox 1185 3501 1211 3554; x_wconf 87' lang='lat' dir='ltr'><strong>in</strong></span> <span class='ocrx_word' id='word_1_643' title='bbox 1225 3499 1335 3571; x_wconf 82' lang='lat' dir='ltr'><strong>imagine</strong></span> <span class='ocrx_word' id='word_1_644' title='bbox 1345 3499 1459 3554; x_wconf 85' lang='lat' dir='ltr'><strong>ambulat</strong></span> <span class='ocrx_word' id='word_1_645' title='bbox 1473 3502 1556 3568; x_wconf 88' lang='lat' dir='ltr'><strong>barno,</strong></span> <span class='ocrx_word' id='word_1_646' title='bbox 1573 3509 1656 3556; x_wconf 89' lang='lat' dir='ltr'><strong>tamm</strong></span> <span class='ocrx_word' id='word_1_647' title='bbox 1672 3517 1735 3556; x_wconf 82' lang='lat' dir='ltr'><strong>uana</strong></span> <span class='ocrx_word' id='word_1_648' title='bbox 1761 3502 1896 3558; x_wconf 84' lang='lat' dir='ltr'><strong>cantaria-</strong></span> 
     </span>
     <span class='ocr_line' id='line_1_74' title="bbox 1099 3593 1895 3666; baseline 0.003 -17"><span class='ocrx_word' id='word_1_649' title='bbox 1099 3604 1160 3660; x_wconf 85' lang='lat' dir='ltr'><strong>tut‚·</strong></span> <span class='ocrx_word' id='word_1_650' title='bbox 1174 3595 1210 3650; x_wconf 88' lang='lat' dir='ltr'><strong>ita</strong></span> <span class='ocrx_word' id='word_1_651' title='bbox 1221 3593 1336 3661; x_wconf 91' lang='lat' dir='ltr'><strong>dicatur,</strong></span> <span class='ocrx_word' id='word_1_652' title='bbox 1355 3594 1511 3666; x_wconf 80' lang='lat' dir='ltr'><strong>Quanquam</strong></span> <span class='ocrx_word' id='word_1_653' title='bbox 1524 3609 1593 3652; x_wconf 81' lang='lat' dir='ltr'><strong>rane</strong></span> <span class='ocrx_word' id='word_1_654' title='bbox 1605 3597 1782 3652; x_wconf 86' lang='lat' dir='ltr'><strong>conturbatur</strong></span> <span class='ocrx_word' id='word_1_655' title='bbox 1802 3597 1895 3666; x_wconf 89' lang='lat' dir='ltr'><strong>bomo,</strong></span> 
     </span>
     <span class='ocr_line' id='line_1_75' title="bbox 1099 3685 1895 3760; baseline 0.001 -19"><span class='ocrx_word' id='word_1_656' title='bbox 1099 3695 1189 3742; x_wconf 90' lang='lat' dir='ltr'><strong>tamen</strong></span> <span class='ocrx_word' id='word_1_657' title='bbox 1211 3685 1239 3741; x_wconf 93' lang='lat' dir='ltr'><strong>in</strong></span> <span class='ocrx_word' id='word_1_658' title='bbox 1253 3686 1370 3758; x_wconf 87' lang='lat' dir='ltr'><strong>imagine</strong></span> <span class='ocrx_word' id='word_1_659' title='bbox 1392 3686 1520 3742; x_wconf 89' lang='lat' dir='ltr'><strong>ambulat.</strong></span> <span class='ocrx_word' id='word_1_660' title='bbox 1538 3687 1696 3758; x_wconf 81' lang='lat' dir='ltr'><strong>Quanquam</strong></span> <span class='ocrx_word' id='word_1_661' title='bbox 1715 3687 1788 3744; x_wconf 89' lang='lat' dir='ltr'><strong>enim</strong></span> <span class='ocrx_word' id='word_1_662' title='bbox 1801 3702 1895 3760; x_wconf 89' lang='lat' dir='ltr'><strong>magna</strong></span> 
     </span>
     <span class='ocr_line' id='line_1_76' title="bbox 1098 3777 1892 3850; baseline 0.003 -18"><span class='ocrx_word' id='word_1_663' title='bbox 1098 3788 1192 3833; x_wconf 90' lang='lat' dir='ltr'><strong>natura</strong></span> <span class='ocrx_word' id='word_1_664' title='bbox 1205 3777 1249 3845; x_wconf 92' lang='lat' dir='ltr'><strong>sit,</strong></span> <span class='ocrx_word' id='word_1_665' title='bbox 1265 3785 1354 3833; x_wconf 91' lang='lat' dir='ltr'><strong>tamen</strong></span> <span class='ocrx_word' id='word_1_666' title='bbox 1368 3777 1454 3833; x_wconf 80' lang='lat' dir='ltr'><strong>vitiari</strong></span> <span class='ocrx_word' id='word_1_667' title='bbox 1467 3778 1563 3849; x_wconf 90' lang='lat' dir='ltr'><strong>potuit,</strong></span> <span class='ocrx_word' id='word_1_668' title='bbox 1578 3779 1639 3850; x_wconf 90' lang='lat' dir='ltr'><strong>qnia</strong></span> <span class='ocrx_word' id='word_1_669' title='bbox 1650 3794 1754 3836; x_wconf 88' lang='lat' dir='ltr'><strong>summa</strong></span> <span class='ocrx_word' id='word_1_670' title='bbox 1767 3796 1821 3836; x_wconf 90' lang='lat' dir='ltr'><strong>non</strong></span> <span class='ocrx_word' id='word_1_671' title='bbox 1835 3788 1892 3836; x_wconf 87' lang='lat' dir='ltr'><strong>est:</strong></span> 
     </span>
     <span class='ocr_line' id='line_1_77' title="bbox 1098 3870 1892 3942; baseline 0 -16"><span class='ocrx_word' id='word_1_672' title='bbox 1098 3878 1125 3927; x_wconf 87' lang='lat' dir='ltr'><strong>et</strong></span> <span class='ocrx_word' id='word_1_673' title='bbox 1147 3885 1298 3942; x_wconf 90' lang='lat' dir='ltr'><strong>quanquam</strong></span> <span class='ocrx_word' id='word_1_674' title='bbox 1318 3870 1406 3926; x_wconf 83' lang='lat' dir='ltr'><strong>vitiari</strong></span> <span class='ocrx_word' id='word_1_675' title='bbox 1421 3871 1547 3942; x_wconf 90' lang='lat' dir='ltr'><strong>patuerit,</strong></span> <span class='ocrx_word' id='word_1_676' title='bbox 1569 3872 1631 3942; x_wconf 88' lang='lat' dir='ltr'><strong>quia</strong></span> <span class='ocrx_word' id='word_1_677' title='bbox 1647 3885 1752 3928; x_wconf 86' lang='lat' dir='ltr'><strong>summa</strong></span> <span class='ocrx_word' id='word_1_678' title='bbox 1772 3879 1892 3934; x_wconf 88' lang='lat' dir='ltr'><strong>nonest,</strong></span> 
     </span>
     <span class='ocr_line' id='line_1_78' title="bbox 1097 3963 1894 4034; baseline 0.001 -17"><span class='ocrx_word' id='word_1_679' title='bbox 1097 3971 1186 4018; x_wconf 90' lang='lat' dir='ltr'><strong>tamen</strong></span> <span class='ocrx_word' id='word_1_680' title='bbox 1196 3963 1258 4033; x_wconf 90' lang='lat' dir='ltr'><strong>quia</strong></span> <span class='ocrx_word' id='word_1_681' title='bbox 1270 3975 1383 4018; x_wconf 76' lang='lat' dir='ltr'><strong>surnmaa</strong></span> <span class='ocrx_word' id='word_1_682' title='bbox 1397 3969 1500 4018; x_wconf 86' lang='lat' dir='ltr'><strong>natnrae</strong></span> <span class='ocrx_word' id='word_1_683' title='bbox 1515 3977 1599 4033; x_wconf 83' lang='lat' dir='ltr'><strong>capax</strong></span> <span class='ocrx_word' id='word_1_684' title='bbox 1613 3971 1674 4029; x_wconf 92' lang='lat' dir='ltr'><strong>est,</strong></span> <span class='ocrx_word' id='word_1_685' title='bbox 1692 3973 1720 4020; x_wconf 87' lang='lat' dir='ltr'><strong>et</strong></span> <span class='ocrx_word' id='word_1_686' title='bbox 1735 3978 1796 4020; x_wconf 87' lang='lat' dir='ltr'><strong>esse</strong></span> <span class='ocrx_word' id='word_1_687' title='bbox 1809 3963 1894 4034; x_wconf 90' lang='lat' dir='ltr'><strong>parti·</strong></span> 
     </span>
     <span class='ocr_line' id='line_1_79' title="bbox 1096 4054 1894 4125; baseline 0.003 -17"><span class='ocrx_word' id='word_1_688' title='bbox 1096 4066 1160 4124; x_wconf 90' lang='lat' dir='ltr'><strong>ceps</strong></span> <span class='ocrx_word' id='word_1_689' title='bbox 1175 4062 1272 4125; x_wconf 86' lang='lat' dir='ltr'><strong>potest,</strong></span> <span class='ocrx_word' id='word_1_690' title='bbox 1289 4069 1384 4124; x_wconf 91' lang='lat' dir='ltr'><strong>magna</strong></span> <span class='ocrx_word' id='word_1_691' title='bbox 1402 4061 1497 4110; x_wconf 91' lang='lat' dir='ltr'><strong>natura</strong></span> <span class='ocrx_word' id='word_1_692' title='bbox 1519 4054 1744 4125; x_wconf 63' lang='lat' dir='ltr'><strong>aestimaremus</strong></span> <span class='ocrx_word' id='word_1_693' title='bbox 1769 4054 1850 4125; x_wconf 87' lang='lat' dir='ltr'><strong>igitur</strong></span> <span class='ocrx_word' id='word_1_694' title='bbox 1866 4055 1894 4110; x_wconf 92' lang='lat' dir='ltr'><strong>in</strong></span> 
     </span>
     <span class='ocr_line' id='line_1_80' title="bbox 1097 4145 1892 4219; baseline -0.001 -17"><span class='ocrx_word' id='word_1_695' title='bbox 1097 4146 1148 4202; x_wconf 92' lang='lat' dir='ltr'><strong>bac</strong></span> <span class='ocrx_word' id='word_1_696' title='bbox 1166 4145 1284 4218; x_wconf 86' lang='lat' dir='ltr'><strong>imagine</strong></span> <span class='ocrx_word' id='word_1_697' title='bbox 1307 4145 1357 4202; x_wconf 83' lang='lat' dir='ltr'><strong>liei</strong></span> <span class='ocrx_word' id='word_1_698' title='bbox 1381 4145 1522 4218; x_wconf 90' lang='lat' dir='ltr'><strong>quamdam</strong></span> <span class='ocrx_word' id='word_1_699' title='bbox 1542 4147 1584 4202; x_wconf 89' lang='lat' dir='ltr'><strong>sui</strong></span> <span class='ocrx_word' id='word_1_700' title='bbox 1604 4146 1711 4219; x_wconf 88' lang='lat' dir='ltr'><strong>generis</strong></span> <span class='ocrx_word' id='word_1_701' title='bbox 1735 4147 1892 4214; x_wconf 85' lang='lat' dir='ltr'><strong>trinitatem,</strong></span> 
     </span>
     <span class='ocr_line' id='line_1_81' title="bbox 1092 4231 1894 4313; baseline -0.001 -16"><span class='ocrx_word' id='word_1_702' title='bbox 1092 4231 1239 4311; x_wconf 79' lang='lat' dir='ltr'><strong>&#39;adjurante</strong></span> <span class='ocrx_word' id='word_1_703' title='bbox 1250 4241 1311 4313; x_wconf 87' lang='lat' dir='ltr'><strong>ipso</strong></span> <span class='ocrx_word' id='word_1_704' title='bbox 1324 4240 1369 4312; x_wconf 90' lang='lat' dir='ltr'><strong>qui</strong></span> <span class='ocrx_word' id='word_1_705' title='bbox 1383 4255 1432 4296; x_wconf 92' lang='lat' dir='ltr'><strong>nos</strong></span> <span class='ocrx_word' id='word_1_706' title='bbox 1446 4239 1509 4296; x_wconf 84' lang='lat' dir='ltr'><strong>iecit</strong></span> <span class='ocrx_word' id='word_1_707' title='bbox 1523 4240 1556 4296; x_wconf 90' lang='lat' dir='ltr'><strong>ad</strong></span> <span class='ocrx_word' id='word_1_708' title='bbox 1577 4239 1719 4312; x_wconf 88' lang='lat' dir='ltr'><strong>imaginem</strong></span> <span class='ocrx_word' id='word_1_709' title='bbox 1732 4235 1819 4294; x_wconf 78' lang='lat' dir='ltr'><strong>sadm.</strong></span> <span class='ocrx_word' id='word_1_710' title='bbox 1832 4239 1894 4296; x_wconf 84' lang='lat' dir='ltr'><strong>lion</strong></span> 
     </span>
     <span class='ocr_line' id='line_1_82' title="bbox 1098 4331 1895 4404; baseline -0.003 -14"><span class='ocrx_word' id='word_1_711' title='bbox 1098 4332 1260 4390; x_wconf 82' lang='lat' dir='ltr'><strong>animaliter</strong></span> <span class='ocrx_word' id='word_1_712' title='bbox 1273 4347 1414 4404; x_wconf 87' lang='lat' dir='ltr'><strong>passumus</strong></span> <span class='ocrx_word' id='word_1_713' title='bbox 1438 4333 1496 4389; x_wconf 76' lang='lat' dir='ltr'><strong>baec</strong></span> <span class='ocrx_word' id='word_1_714' title='bbox 1518 4331 1663 4389; x_wconf 89' lang='lat' dir='ltr'><strong>salubriter</strong></span> <span class='ocrx_word' id='word_1_715' title='bbox 1680 4332 1895 4403; x_wconf 67' lang='lat' dir='ltr'><strong>investigarem</strong></span> 
     </span>
     <span class='ocr_line' id='line_1_83' title="bbox 1095 4423 1892 4501; baseline -0.004 -20"><span class='ocrx_word' id='word_1_716' title='bbox 1095 4424 1243 4481; x_wconf 88' lang='lat' dir='ltr'><strong>secundum</strong></span> <span class='ocrx_word' id='word_1_717' title='bbox 1266 4423 1424 4501; x_wconf 80' lang='lat' dir='ltr'><strong>sapientiam</strong></span> <span class='ocrx_word' id='word_1_718' title='bbox 1448 4439 1508 4495; x_wconf 83' lang='lat' dir='ltr'><strong>quae</strong></span> <span class='ocrx_word' id='word_1_719' title='bbox 1530 4424 1564 4481; x_wconf 92' lang='lat' dir='ltr'><strong>ab</strong></span> <span class='ocrx_word' id='word_1_720' title='bbox 1579 4425 1627 4481; x_wconf 92' lang='lat' dir='ltr'><strong>illo</strong></span> <span class='ocrx_word' id='word_1_721' title='bbox 1640 4433 1682 4481; x_wconf 84' lang='lat' dir='ltr'><strong>est</strong></span> <span class='ocrx_word' id='word_1_722' title='bbox 1695 4424 1793 4496; x_wconf 92' lang='lat' dir='ltr'><strong>aliquid</strong></span> <span class='ocrx_word' id='word_1_723' title='bbox 1816 4424 1892 4478; x_wconf 86' lang='lat' dir='ltr'><strong>inve-</strong></span> 
     </span>
     <span class='ocr_line' id='line_1_84' title="bbox 1095 4516 1893 4590; baseline -0.003 -16"><span class='ocrx_word' id='word_1_724' title='bbox 1095 4518 1154 4576; x_wconf 87' lang='lat' dir='ltr'><strong>nire</strong></span> <span class='ocrx_word' id='word_1_725' title='bbox 1170 4537 1177 4575; x_wconf 74' lang='grc' dir='ltr'><strong><em>ε</em></strong></span> <span class='ocrx_word' id='word_1_726' title='bbox 1191 4518 1239 4575; x_wconf 91' lang='lat' dir='ltr'><strong>sed</strong></span> <span class='ocrx_word' id='word_1_727' title='bbox 1261 4533 1293 4575; x_wconf 88' lang='lat' dir='ltr'><strong>ea</strong></span> <span class='ocrx_word' id='word_1_728' title='bbox 1306 4533 1366 4590; x_wconf 82' lang='lat' dir='ltr'><strong>quae</strong></span> <span class='ocrx_word' id='word_1_729' title='bbox 1386 4519 1414 4573; x_wconf 93' lang='lat' dir='ltr'><strong>in</strong></span> <span class='ocrx_word' id='word_1_730' title='bbox 1429 4518 1611 4590; x_wconf 88' lang='lat' dir='ltr'><strong>superioribus</strong></span> <span class='ocrx_word' id='word_1_731' title='bbox 1624 4517 1711 4584; x_wconf 88' lang='lat' dir='ltr'><strong>libris,</strong></span> <span class='ocrx_word' id='word_1_732' title='bbox 1733 4527 1760 4572; x_wconf 89' lang='lat' dir='ltr'><strong>et</strong></span> <span class='ocrx_word' id='word_1_733' title='bbox 1776 4516 1893 4572; x_wconf 87' lang='lat' dir='ltr'><strong>maxime</strong></span> 
     </span>
     <span class='ocr_line' id='line_1_85' title="bbox 1094 4607 1891 4678; baseline -0.006 -12"><span class='ocrx_word' id='word_1_734' title='bbox 1094 4611 1121 4666; x_wconf 92' lang='lat' dir='ltr'><strong>io</strong></span> <span class='ocrx_word' id='word_1_735' title='bbox 1137 4611 1252 4678; x_wconf 90' lang='lat' dir='ltr'><strong>decimo,</strong></span> <span class='ocrx_word' id='word_1_736' title='bbox 1263 4610 1297 4667; x_wconf 93' lang='lat' dir='ltr'><strong>de</strong></span> <span class='ocrx_word' id='word_1_737' title='bbox 1309 4609 1398 4666; x_wconf 87' lang='lat' dir='ltr'><strong>anima</strong></span> <span class='ocrx_word' id='word_1_738' title='bbox 1415 4610 1532 4665; x_wconf 88' lang='lat' dir='ltr'><strong>bumana</strong></span> <span class='ocrx_word' id='word_1_739' title='bbox 1556 4609 1596 4666; x_wconf 88' lang='lat' dir='ltr'><strong>rel</strong></span> <span class='ocrx_word' id='word_1_740' title='bbox 1611 4616 1701 4665; x_wconf 88' lang='lat' dir='ltr'><strong>mente</strong></span> <span class='ocrx_word' id='word_1_741' title='bbox 1713 4607 1843 4675; x_wconf 81' lang='lat' dir='ltr'><strong>diximus,</strong></span> <span class='ocrx_word' id='word_1_742' title='bbox 1868 4609 1891 4662; x_wconf 85' lang='lat' dir='ltr'><strong>si</strong></span> 
     </span>
     <span class='ocr_line' id='line_1_86' title="bbox 1095 4697 1888 4772; baseline -0.008 -14"><span class='ocrx_word' id='word_1_743' title='bbox 1095 4702 1204 4758; x_wconf 89' lang='lat' dir='ltr'><strong>lectoris</strong></span> <span class='ocrx_word' id='word_1_744' title='bbox 1218 4703 1260 4758; x_wconf 82' lang='lat' dir='ltr'><strong>rel</strong></span> <span class='ocrx_word' id='word_1_745' title='bbox 1272 4703 1401 4758; x_wconf 89' lang='lat' dir='ltr'><strong>memoria</strong></span> <span class='ocrx_word' id='word_1_746' title='bbox 1415 4708 1556 4757; x_wconf 91' lang='lat' dir='ltr'><strong>teneantur</strong></span> <span class='ocrx_word' id='word_1_747' title='bbox 1569 4709 1650 4772; x_wconf 87' lang='lat' dir='ltr'><strong>atque</strong></span> <span class='ocrx_word' id='word_1_748' title='bbox 1662 4699 1828 4766; x_wconf 89' lang='lat' dir='ltr'><strong>recolantur,</strong></span> <span class='ocrx_word' id='word_1_749' title='bbox 1844 4697 1888 4754; x_wconf 83' lang='lat' dir='ltr'><strong>rel</strong></span> 
     </span>
     <span class='ocr_line' id='line_1_87' title="bbox 1094 4791 1890 4865; baseline -0.005 -15"><span class='ocrx_word' id='word_1_750' title='bbox 1094 4791 1231 4865; x_wconf 88' lang='lat' dir='ltr'><strong>diligentia</strong></span> <span class='ocrx_word' id='word_1_751' title='bbox 1247 4793 1274 4848; x_wconf 87' lang='lat' dir='ltr'><strong>in</strong></span> <span class='ocrx_word' id='word_1_752' title='bbox 1287 4793 1388 4848; x_wconf 90' lang='lat' dir='ltr'><strong>eisdem</strong></span> <span class='ocrx_word' id='word_1_753' title='bbox 1402 4793 1469 4850; x_wconf 91' lang='lat' dir='ltr'><strong>locis</strong></span> <span class='ocrx_word' id='word_1_754' title='bbox 1482 4793 1508 4849; x_wconf 90' lang='lat' dir='ltr'><strong>in</strong></span> <span class='ocrx_word' id='word_1_755' title='bbox 1528 4792 1624 4865; x_wconf 88' lang='lat' dir='ltr'><strong>quibus</strong></span> <span class='ocrx_word' id='word_1_756' title='bbox 1640 4793 1792 4863; x_wconf 89' lang='lat' dir='ltr'><strong>conscripta</strong></span> <span class='ocrx_word' id='word_1_757' title='bbox 1816 4799 1890 4857; x_wconf 88' lang='lat' dir='ltr'><strong>sunt,</strong></span> 
     </span>
    </p>
   </div>
   <div class='ocr_carea' id='block_1_5' title="bbox 1092 4881 2001 4957">
    <p class='ocr_par' dir='ltr' id='par_1_5' title="bbox 1092 4881 2001 4957">
     <span class='ocr_line' id='line_1_88' title="bbox 1092 4881 2001 4957; baseline -0.004 -15"><span class='ocrx_word' id='word_1_758' title='bbox 1092 4894 1294 4954; x_wconf 81' lang='lat' dir='ltr'><strong>mccrtseantur,</strong></span> <span class='ocrx_word' id='word_1_759' title='bbox 1312 4901 1364 4940; x_wconf 90' lang='lat' dir='ltr'><strong>non</strong></span> <span class='ocrx_word' id='word_1_760' title='bbox 1382 4884 1425 4941; x_wconf 88' lang='lat' dir='ltr'><strong>bie</strong></span> <span class='ocrx_word' id='word_1_761' title='bbox 1442 4883 1606 4940; x_wconf 90' lang='lat' dir='ltr'><strong>desiderabit</strong></span> <span class='ocrx_word' id='word_1_762' title='bbox 1619 4883 1795 4957; x_wconf 79' lang='lat' dir='ltr'><strong>prolixiorem</strong></span> <span class='ocrx_word' id='word_1_763' title='bbox 1807 4881 1891 4939; x_wconf 85' lang='lat' dir='ltr'><strong>derel</strong></span> <span class='ocrx_word' id='word_1_764' title='bbox 1993 4886 2001 4906; x_wconf 80' lang='lat'>⁸</span> 
     </span>
    </p>
   </div>
   <div class='ocr_carea' id='block_1_6' title="bbox 1091 4977 1892 5233">
    <p class='ocr_par' dir='ltr' id='par_1_6' title="bbox 1091 4977 1892 5233">
     <span class='ocr_line' id='line_1_89' title="bbox 1093 4977 1535 5048; baseline -0.009 -15"><span class='ocrx_word' id='word_1_765' title='bbox 1093 4986 1173 5033; x_wconf 86' lang='lat' dir='ltr'><strong>tantae</strong></span> <span class='ocrx_word' id='word_1_766' title='bbox 1188 4977 1358 5048; x_wconf 89' lang='lat' dir='ltr'><strong>inquisitione</strong></span> <span class='ocrx_word' id='word_1_767' title='bbox 1372 4991 1535 5033; x_wconf 88' lang='lat' dir='ltr'><strong>sermonem.</strong></span> 
     </span>
     <span class='ocr_line' id='line_1_90' title="bbox 1128 5067 1892 5142; baseline -0.004 -15"><span class='ocrx_word' id='word_1_768' title='bbox 1128 5071 1154 5128; x_wconf 89' lang='grc'><strong>7.</strong></span> <span class='ocrx_word' id='word_1_769' title='bbox 1176 5071 1249 5127; x_wconf 90' lang='lat' dir='ltr'><strong>lnter</strong></span> <span class='ocrx_word' id='word_1_770' title='bbox 1259 5081 1425 5142; x_wconf 78' lang='lat' dir='ltr'><strong>ceteraergo</strong></span> <span class='ocrx_word' id='word_1_771' title='bbox 1440 5068 1655 5126; x_wconf 89' lang='lat' dir='ltr'><strong>inlibmdecimo</strong></span> <span class='ocrx_word' id='word_1_772' title='bbox 1668 5067 1892 5134; x_wconf 82' lang='lat' dir='ltr'><strong>diximus,bomi·</strong></span> 
     </span>
     <span class='ocr_line' id='line_1_91' title="bbox 1091 5157 1891 5233; baseline -0.001 -15"><span class='ocrx_word' id='word_1_773' title='bbox 1091 5163 1132 5218; x_wconf 89' lang='lat' dir='ltr'><strong>nis</strong></span> <span class='ocrx_word' id='word_1_774' title='bbox 1142 5173 1259 5220; x_wconf 80' lang='lat' dir='ltr'><strong>mantem</strong></span> <span class='ocrx_word' id='word_1_775' title='bbox 1271 5177 1350 5218; x_wconf 82' lang='lat' dir='ltr'><strong>arasse</strong></span> <span class='ocrx_word' id='word_1_776' title='bbox 1359 5160 1528 5230; x_wconf 88' lang='lat' dir='ltr'><strong>semetipsam</strong></span> <span class='ocrx_word' id='word_1_777' title='bbox 1538 5157 1655 5233; x_wconf 73' lang='lat' dir='ltr'><strong>(Capi).</strong></span> <span class='ocrx_word' id='word_1_778' title='bbox 1667 5158 1737 5215; x_wconf 84' lang='lat' dir='ltr'><strong>Nihil</strong></span> <span class='ocrx_word' id='word_1_779' title='bbox 1746 5161 1818 5217; x_wconf 84' lang='lat' dir='ltr'><strong>enim</strong></span> <span class='ocrx_word' id='word_1_780' title='bbox 1834 5167 1891 5217; x_wconf 87' lang='lat' dir='ltr'><strong>tam</strong></span> 
     </span>
    </p>
   </div>
   <div class='ocr_carea' id='block_1_7' title="bbox 237 5251 1892 5791">
    <p class='ocr_par' dir='ltr' id='par_1_7' title="bbox 237 5251 1892 5609">
     <span class='ocr_line' id='line_1_92' title="bbox 239 5251 1890 5334; baseline -0.005 -15"><span class='ocrx_word' id='word_1_781' title='bbox 239 5264 355 5326; x_wconf 65' lang='lat' dir='ltr'><strong>amatur,</strong></span> <span class='ocrx_word' id='word_1_782' title='bbox 369 5256 513 5329; x_wconf 70' lang='lat' dir='ltr'><strong>quamdam</strong></span> <span class='ocrx_word' id='word_1_783' title='bbox 535 5255 617 5314; x_wconf 75' lang='lat' dir='ltr'><strong>efficit</strong></span> <span class='ocrx_word' id='word_1_784' title='bbox 637 5257 782 5315; x_wconf 74' lang='lat' dir='ltr'><strong>trinitatem</strong></span> <span class='ocrx_word' id='word_1_785' title='bbox 807 5277 815 5316; x_wconf 82' lang='lat' dir='ltr'><strong>t</strong></span> <span class='ocrx_word' id='word_1_786' title='bbox 839 5259 886 5317; x_wconf 84' lang='lat' dir='ltr'><strong>sed</strong></span> <span class='ocrx_word' id='word_1_787' title='bbox 901 5276 955 5318; x_wconf 93' lang='lat' dir='ltr'><strong>non</strong></span> <span class='ocrx_word' id='word_1_788' title='bbox 979 5263 1037 5334; x_wconf 91' lang='lat' dir='ltr'><strong>ipsa</strong></span> <span class='ocrx_word' id='word_1_789' title='bbox 1090 5257 1165 5313; x_wconf 86' lang='lat' dir='ltr'><strong>novit</strong></span> <span class='ocrx_word' id='word_1_790' title='bbox 1178 5269 1265 5321; x_wconf 88' lang='lat' dir='ltr'><strong>mons,</strong></span> <span class='ocrx_word' id='word_1_791' title='bbox 1279 5269 1357 5325; x_wconf 91' lang='lat' dir='ltr'><strong>quam</strong></span> <span class='ocrx_word' id='word_1_792' title='bbox 1373 5253 1400 5308; x_wconf 92' lang='lat' dir='ltr'><strong>id</strong></span> <span class='ocrx_word' id='word_1_793' title='bbox 1412 5251 1482 5325; x_wconf 92' lang='lat' dir='ltr'><strong>quod</strong></span> <span class='ocrx_word' id='word_1_794' title='bbox 1496 5253 1545 5310; x_wconf 91' lang='lat' dir='ltr'><strong>sibi</strong></span> <span class='ocrx_word' id='word_1_795' title='bbox 1556 5263 1655 5326; x_wconf 76' lang='lat' dir='ltr'><strong>praesto</strong></span> <span class='ocrx_word' id='word_1_796' title='bbox 1667 5262 1709 5311; x_wconf 85' lang='lat' dir='ltr'><strong>est</strong></span> <span class='ocrx_word' id='word_1_797' title='bbox 1723 5275 1730 5311; x_wconf 83' lang='lat' dir='ltr'><strong>a</strong></span> <span class='ocrx_word' id='word_1_798' title='bbox 1744 5271 1794 5312; x_wconf 86' lang='lat' dir='ltr'><strong>nec</strong></span> <span class='ocrx_word' id='word_1_799' title='bbox 1805 5256 1890 5312; x_wconf 89' lang='lat' dir='ltr'><strong>menti</strong></span> 
     </span>
     <span class='ocr_line' id='line_1_93' title="bbox 239 5346 1888 5422; baseline 0.001 -19"><span class='ocrx_word' id='word_1_800' title='bbox 239 5347 303 5415; x_wconf 85' lang='lat' dir='ltr'><strong>erit,</strong></span> <span class='ocrx_word' id='word_1_801' title='bbox 317 5346 426 5418; x_wconf 89' lang='lat' dir='ltr'><strong>qnando</strong></span> <span class='ocrx_word' id='word_1_802' title='bbox 441 5348 507 5405; x_wconf 84' lang='lat' dir='ltr'><strong>ides</strong></span> <span class='ocrx_word' id='word_1_803' title='bbox 526 5349 585 5404; x_wconf 84' lang='lat' dir='ltr'><strong>baec</strong></span> <span class='ocrx_word' id='word_1_804' title='bbox 603 5347 630 5404; x_wconf 95' lang='lat' dir='ltr'><strong>in</strong></span> <span class='ocrx_word' id='word_1_805' title='bbox 645 5349 746 5416; x_wconf 88' lang='lat' dir='ltr'><strong>animo,</strong></span> <span class='ocrx_word' id='word_1_806' title='bbox 762 5350 832 5406; x_wconf 90' lang='lat' dir='ltr'><strong>sicut</strong></span> <span class='ocrx_word' id='word_1_807' title='bbox 846 5364 944 5422; x_wconf 86' lang='lat' dir='ltr'><strong>corpus</strong></span> <span class='ocrx_word' id='word_1_808' title='bbox 969 5350 1036 5410; x_wconf 89' lang='lat' dir='ltr'><strong>illud</strong></span> <span class='ocrx_word' id='word_1_809' title='bbox 1090 5351 1175 5421; x_wconf 88' lang='lat' dir='ltr'><strong>magis</strong></span> <span class='ocrx_word' id='word_1_810' title='bbox 1189 5347 1333 5420; x_wconf 88' lang='lat' dir='ltr'><strong>quidquam</strong></span> <span class='ocrx_word' id='word_1_811' title='bbox 1348 5355 1446 5418; x_wconf 84' lang='lat' dir='ltr'><strong>praesto</strong></span> <span class='ocrx_word' id='word_1_812' title='bbox 1458 5356 1515 5414; x_wconf 79' lang='lat' dir='ltr'><strong>est,</strong></span> <span class='ocrx_word' id='word_1_813' title='bbox 1531 5363 1611 5419; x_wconf 89' lang='lat' dir='ltr'><strong>quam</strong></span> <span class='ocrx_word' id='word_1_814' title='bbox 1630 5349 1688 5418; x_wconf 91' lang='lat' dir='ltr'><strong>ipsa</strong></span> <span class='ocrx_word' id='word_1_815' title='bbox 1703 5347 1764 5405; x_wconf 89' lang='lat' dir='ltr'><strong>sibi.</strong></span> <span class='ocrx_word' id='word_1_816' title='bbox 1780 5349 1812 5405; x_wconf 82' lang='lat' dir='ltr'><strong>Et</strong></span> <span class='ocrx_word' id='word_1_817' title='bbox 1824 5349 1888 5418; x_wconf 93' lang='lat' dir='ltr'><strong>alia,</strong></span> 
     </span>
     <span class='ocr_line' id='line_1_94' title="bbox 237 5436 1892 5517; baseline -0.001 -20"><span class='ocrx_word' id='word_1_818' title='bbox 237 5439 267 5497; x_wconf 87' lang='lat' dir='ltr'><strong>in</strong></span> <span class='ocrx_word' id='word_1_819' title='bbox 280 5439 341 5497; x_wconf 88' lang='lat' dir='ltr'><strong>loco</strong></span> <span class='ocrx_word' id='word_1_820' title='bbox 352 5442 407 5512; x_wconf 82' lang='lat' dir='ltr'><strong>jaan</strong></span> <span class='ocrx_word' id='word_1_821' title='bbox 421 5441 543 5499; x_wconf 88' lang='lat' dir='ltr'><strong>nonerit.</strong></span> <span class='ocrx_word' id='word_1_822' title='bbox 557 5441 623 5511; x_wconf 82' lang='lat' dir='ltr'><strong>Quae</strong></span> <span class='ocrx_word' id='word_1_823' title='bbox 633 5457 699 5500; x_wconf 81' lang='lat' dir='ltr'><strong>vero</strong></span> <span class='ocrx_word' id='word_1_824' title='bbox 710 5442 843 5512; x_wconf 89' lang='lat' dir='ltr'><strong>tuncerit,</strong></span> <span class='ocrx_word' id='word_1_825' title='bbox 857 5445 1036 5517; x_wconf 78' lang='lat' dir='ltr'><strong>quandonam</strong></span> <span class='ocrx_word' id='word_1_826' title='bbox 1090 5449 1216 5512; x_wconf 90' lang='lat' dir='ltr'><strong>quantum</strong></span> <span class='ocrx_word' id='word_1_827' title='bbox 1228 5439 1293 5494; x_wconf 87' lang='lat' dir='ltr'><strong>satis</strong></span> <span class='ocrx_word' id='word_1_828' title='bbox 1303 5437 1388 5493; x_wconf 84' lang='lat' dir='ltr'><strong>risum</strong></span> <span class='ocrx_word' id='word_1_829' title='bbox 1401 5445 1453 5504; x_wconf 87' lang='lat' dir='ltr'><strong>est,</strong></span> <span class='ocrx_word' id='word_1_830' title='bbox 1465 5436 1634 5494; x_wconf 83' lang='lat' dir='ltr'><strong>adhibuimus</strong></span> <span class='ocrx_word' id='word_1_831' title='bbox 1646 5438 1817 5509; x_wconf 86' lang='lat' dir='ltr'><strong>documenta,</strong></span> <span class='ocrx_word' id='word_1_832' title='bbox 1828 5439 1892 5512; x_wconf 90' lang='lat' dir='ltr'><strong>qui·</strong></span> 
     </span>
     <span class='ocr_line' id='line_1_95' title="bbox 237 5529 1540 5609; baseline 0.003 -19"><span class='ocrx_word' id='word_1_833' title='bbox 237 5532 440 5590; x_wconf 89' lang='lat' dir='ltr'><strong>recordabimur</strong></span> <span class='ocrx_word' id='word_1_834' title='bbox 454 5534 480 5589; x_wconf 92' lang='lat' dir='ltr'><strong>in</strong></span> <span class='ocrx_word' id='word_1_835' title='bbox 492 5533 568 5591; x_wconf 91' lang='lat' dir='ltr'><strong>nobis</strong></span> <span class='ocrx_word' id='word_1_836' title='bbox 581 5533 674 5602; x_wconf 85' lang='lat' dir='ltr'><strong>inissa,</strong></span> <span class='ocrx_word' id='word_1_837' title='bbox 687 5549 742 5591; x_wconf 94' lang='lat' dir='ltr'><strong>non</strong></span> <span class='ocrx_word' id='word_1_838' title='bbox 757 5550 828 5604; x_wconf 87' lang='lat' dir='ltr'><strong>esse,</strong></span> <span class='ocrx_word' id='word_1_839' title='bbox 843 5537 896 5592; x_wconf 92' lang='lat' dir='ltr'><strong>alia</strong></span> <span class='ocrx_word' id='word_1_840' title='bbox 913 5537 1035 5609; x_wconf 85' lang='lat' dir='ltr'><strong>prolecto</strong></span> <span class='ocrx_word' id='word_1_841' title='bbox 1088 5532 1140 5589; x_wconf 74' lang='lat' dir='ltr'><strong>bus</strong></span> <span class='ocrx_word' id='word_1_842' title='bbox 1151 5531 1201 5587; x_wconf 74' lang='lat' dir='ltr'><strong>hoc</strong></span> <span class='ocrx_word' id='word_1_843' title='bbox 1212 5530 1363 5588; x_wconf 87' lang='lat' dir='ltr'><strong>certissime</strong></span> <span class='ocrx_word' id='word_1_844' title='bbox 1373 5529 1540 5600; x_wconf 63' lang='grc'><strong>[1101111111.</strong></span> 
     </span>
    </p>

    <p class='ocr_par' dir='ltr' id='par_1_8' title="bbox 238 5619 1892 5791">
     <span class='ocr_line' id='line_1_96' title="bbox 238 5619 1890 5701; baseline 0.008 -22"><span class='ocrx_word' id='word_1_845' title='bbox 238 5624 300 5681; x_wconf 86' lang='lat' dir='ltr'><strong>erit.</strong></span> <span class='ocrx_word' id='word_1_846' title='bbox 316 5625 473 5681; x_wconf 86' lang='lat' dir='ltr'><strong>llaneenim</strong></span> <span class='ocrx_word' id='word_1_847' title='bbox 485 5634 691 5696; x_wconf 80' lang='lat' dir='ltr'><strong>qoenuocost,</strong></span> <span class='ocrx_word' id='word_1_848' title='bbox 706 5626 771 5683; x_wconf 92' lang='lat' dir='ltr'><strong>iacit</strong></span> <span class='ocrx_word' id='word_1_849' title='bbox 786 5643 831 5684; x_wconf 87' lang='lat' dir='ltr'><strong>res</strong></span> <span class='ocrx_word' id='word_1_850' title='bbox 844 5629 902 5700; x_wconf 89' lang='lat' dir='ltr'><strong>ipsa</strong></span> <span class='ocrx_word' id='word_1_851' title='bbox 916 5645 1034 5701; x_wconf 88' lang='lat' dir='ltr'><strong>praesens</strong></span> <span class='ocrx_word' id='word_1_852' title='bbox 1124 5624 1238 5682; x_wconf 80' lang='lat' dir='ltr'>CAPUT</span> <span class='ocrx_word' id='word_1_853' title='bbox 1263 5619 1502 5696; x_wconf 76' lang='lat' dir='ltr'><strong>tt.-1ntunn·um</strong></span> <span class='ocrx_word' id='word_1_854' title='bbox 1521 5641 1591 5680; x_wconf 84' lang='lat' dir='ltr'><strong>mena</strong></span> <span class='ocrx_word' id='word_1_855' title='bbox 1607 5640 1642 5680; x_wconf 84' lang='lat' dir='ltr'><strong>an</strong></span> <span class='ocrx_word' id='word_1_856' title='bbox 1656 5641 1684 5681; x_wconf 76' lang='lat' dir='ltr'><strong>aa</strong></span> <span class='ocrx_word' id='word_1_857' title='bbox 1696 5624 1803 5681; x_wconf 58' lang='lat' dir='ltr'><strong>navali·</strong></span> <span class='ocrx_word' id='word_1_858' title='bbox 1817 5622 1890 5692; x_wconf 76' lang='grc'><strong>011111</strong></span> 
     </span>
     <span class='ocr_line' id='line_1_97' title="bbox 239 5713 1892 5791; baseline 0.001 -20"><span class='ocrx_word' id='word_1_859' title='bbox 239 5723 269 5771; x_wconf 84' lang='lat' dir='ltr'><strong>et</strong></span> <span class='ocrx_word' id='word_1_860' title='bbox 281 5717 371 5772; x_wconf 90' lang='lat' dir='ltr'><strong>animo</strong></span> <span class='ocrx_word' id='word_1_861' title='bbox 384 5715 520 5773; x_wconf 88' lang='lat' dir='ltr'><strong>credentis</strong></span> <span class='ocrx_word' id='word_1_862' title='bbox 538 5717 618 5773; x_wconf 80' lang='lat' dir='ltr'><strong>atttra</strong></span> <span class='ocrx_word' id='word_1_863' title='bbox 633 5725 683 5774; x_wconf 91' lang='lat' dir='ltr'><strong>:at</strong></span> <span class='ocrx_word' id='word_1_864' title='bbox 706 5718 780 5775; x_wconf 91' lang='lat' dir='ltr'><strong>illam</strong></span> <span class='ocrx_word' id='word_1_865' title='bbox 804 5735 864 5790; x_wconf 88' lang='lat' dir='ltr'><strong>quae</strong></span> <span class='ocrx_word' id='word_1_866' title='bbox 889 5729 951 5779; x_wconf 83' lang='lat' dir='ltr'><strong>turre</strong></span> <span class='ocrx_word' id='word_1_867' title='bbox 970 5723 1033 5791; x_wconf 87' lang='lat' dir='ltr'><strong>erit,</strong></span> <span class='ocrx_word' id='word_1_868' title='bbox 1088 5718 1179 5790; x_wconf 88' lang='lat' dir='ltr'><strong>itaqua</strong></span> <span class='ocrx_word' id='word_1_869' title='bbox 1191 5715 1333 5774; x_wconf 88' lang='lat' dir='ltr'><strong>dicendum</strong></span> <span class='ocrx_word' id='word_1_870' title='bbox 1347 5723 1388 5774; x_wconf 91' lang='lat' dir='ltr'><strong>est</strong></span> <span class='ocrx_word' id='word_1_871' title='bbox 1400 5713 1434 5772; x_wconf 93' lang='lat' dir='ltr'><strong>de</strong></span> <span class='ocrx_word' id='word_1_872' title='bbox 1446 5715 1555 5774; x_wconf 78' lang='lat' dir='ltr'><strong>infantis</strong></span> <span class='ocrx_word' id='word_1_873' title='bbox 1567 5725 1667 5784; x_wconf 90' lang='lat' dir='ltr'><strong>mente,</strong></span> <span class='ocrx_word' id='word_1_874' title='bbox 1681 5717 1717 5774; x_wconf 90' lang='lat' dir='ltr'><strong>ita</strong></span> <span class='ocrx_word' id='word_1_875' title='bbox 1727 5715 1814 5774; x_wconf 89' lang='lat' dir='ltr'><strong>adbuc</strong></span> <span class='ocrx_word' id='word_1_876' title='bbox 1825 5730 1892 5788; x_wconf 89' lang='lat' dir='ltr'><strong>par·</strong></span> 
     </span>
    </p>
   </div>
   <div class='ocr_carea' id='block_1_8' title="bbox 270 5845 608 5913">
    <p class='ocr_par' dir='ltr' id='par_1_9' title="bbox 270 5845 608 5913">
     <span class='ocr_line' id='line_1_98' title="bbox 270 5845 608 5913; baseline 0.015 -16"><span class='ocrx_word' id='word_1_877' title='bbox 270 5845 608 5913; x_wconf 70' lang='lat' dir='ltr'><strong>¹tu.,copttantnoitatan</strong></span> 
     </span>
    </p>
   </div>
   <div class='ocr_carea' id='block_1_9' title="bbox 1121 5851 1793 5918">
    <p class='ocr_par' dir='ltr' id='par_1_10' title="bbox 1121 5851 1793 5918">
     <span class='ocr_line' id='line_1_99' title="bbox 1121 5851 1793 5918; baseline 0.016 -14"><span class='ocrx_word' id='word_1_878' title='bbox 1121 5858 1128 5888; x_wconf 88' lang='lat'><strong>¹</strong></span> <span class='ocrx_word' id='word_1_879' title='bbox 1147 5851 1361 5918; x_wconf 67' lang='lat' dir='ltr'><strong>narrandarum</strong></span> <span class='ocrx_word' id='word_1_880' title='bbox 1371 5851 1793 5916; x_wconf 66' lang='lat' dir='ltr'><strong>astanetumamanusnittit</strong></span> 
     </span>
    </p>
   </div>
   <div class='ocr_carea' id='block_1_10' title="bbox 0 0 2022 6329">
    <p class='ocr_par' dir='ltr' id='par_1_11' title="bbox 0 0 2022 6329">
     <span class='ocr_line' id='line_1_100' title="bbox 0 0 2022 6329; baseline 0 0"><span class='ocrx_word' id='word_1_881' title='bbox 0 0 2022 6329; x_wconf 95' lang='lat' dir='ltr'><strong> </strong></span> 
     </span>
    </p>
   </div>
  </div>
 </body>
</html>
