4034 6334
263 301 300 374 gs
830 291 874 352 uu
895 283 1110 355 annuemus,
1130 286 1161 345 s.
1181 288 1365 352 tueusruu
1869 301 1905 360 er

265 410 341 484 operi
355 409 437 473 nimis
455 409 566 482 longum
589 413 640 467 est.
656 404 697 466 lix
720 403 764 465 bis
779 413 869 462 antem
894 403 951 460 suis
964 400 1061 458 bbulis
1116 402 1236 459 tondum.
1252 406 1309 473 Qua
1326 406 1484 477 musione,
1503 407 1548 465 rel
1563 407 1838 482 poduserserrabilts
1859 429 1905 472 su·

266 506 343 566 ranis
362 515 443 576 atque
462 503 551 576 impiis
573 507 705 572 coguntur
719 497 824 564 dioec,
839 494 942 554 animas
957 494 1058 561 bonas,
1113 496 1279 569 perstitionis
1291 501 1405 571 quadarn
1419 503 1593 568 necessitate,
1606 512 1738 575 coguntur
1759 505 1843 562 Eieeti
1856 523 1904 564 eo-

264 614 332 676 quus
345 605 457 656 oensem
470 597 505 664 ab
519 595 668 654 animarum
691 589 822 652 malarum
836 595 939 645 naturae
957 586 1061 642 scilicet
1112 607 1173 646 mm
1196 591 1270 648 velut
1300 577 1488 650 eucharistiam
1518 609 1689 666 conspersam
1717 613 1777 653 urm
1801 602 1905 660 semino

268 690 410 751 contrariae
423 687 613 754 commixtione
628 679 796 748 liberandas,
814 679 872 750 eius
892 677 969 749 cujus
988 677 1060 734 Deus
1112 681 1231 739 bumano
1244 699 1365 752 sumere,
1381 693 1410 741 ut
1421 685 1501 742 etiam
1519 687 1597 755 inde,
1618 689 1687 743 sieut
1707 688 1742 744 de
1761 689 1821 746 aliis
1838 693 1905 750 cibis

267 789 309 840 est
323 794 384 848 esse
393 788 506 839 naturas.
519 775 635 834 Proinde
644 771 774 830 muudum
786 785 802 828 a
816 778 910 828 notura
921 769 996 836 boni,
1008 769 1060 824 boc
1111 789 1184 846 quos
1194 776 1348 845 accipiunt,
1363 776 1511 832 substantia
1532 777 1578 832 illa
1592 777 1681 834 dimna
1695 789 1830 851 purgetur.
1851 783 1905 840 Sed

265 879 324 938 est.
339 879 463 947 attatum
479 867 658 930 Detractum,
683 862 844 920 cantitentur
866 859 989 932 quidem.
1011 860 1060 918 teti
1111 866 1201 924 bocse
1214 867 1302 924 iacere
1311 879 1419 940 negem,
1434 877 1463 926 et
1475 870 1542 925 alios
1552 871 1642 926 emoto
1654 887 1724 943 quoa
1734 875 1785 929 sub
1796 877 1905 933 nomine

264 961 299 1022 tle
312 955 504 1022 commistione
516 957 617 1014 boniet
635 954 715 1024 meli,
731 968 790 1024 quat
804 951 872 1010 tacte
883 962 939 1022 est,
952 950 1059 1024 mando
1111 960 1318 1017 llauicbaeorom
1339 962 1427 1018 tacere
1446 962 1590 1018 ntttrmant.
1609 964 1711 1020 detecti
1731 976 1792 1021 suut
1814 974 1904 1024 tamen

264 1053 336 1115 iuter
351 1067 381 1110 se
393 1059 507 1122 utraque
519 1055 613 1106 natura
624 1046 760 1118 pugnauit.
778 1043 864 1114 ipsam
877 1057 941 1103 vero
965 1044 1060 1100 bunia
1111 1051 1140 1106 in
1149 1053 1280 1119 emlesia,
1295 1054 1365 1108 sieut
1378 1054 1448 1121 seis,
1463 1055 1534 1126 opud
1544 1054 1749 1126 fflrtbagtnem,
1763 1057 1818 1128 jam
1829 1067 1856 1114 te
1869 1059 1905 1114 ibi

266 1144 338 1212 puato
358 1139 541 1214 purgationem
554 1153 585 1195 ae
606 1136 814 1204 liberationem,
836 1148 889 1195 nott
908 1134 995 1192 t0l⁰m
1010 1149 1059 1206 lter
1111 1142 1225 1200 diacono
1238 1145 1401 1211 constituto,
1424 1145 1531 1215 quando
1556 1146 1673 1202 Instante
1692 1147 1761 1202 tlrso
1777 1148 1903 1217 tribuno,

265 1243 349 1290 totum
363 1232 490 1293 mtttrdum
506 1239 533 1288 et
542 1229 576 1288 de
587 1229 712 1288 omnibus
722 1229 780 1300 eius
792 1227 933 1288 minentis
946 1227 1058 1284 ninutas
1111 1237 1156 1309 qui
1167 1245 1233 1293 turne
1244 1237 1336 1293 domui
1348 1238 1429 1310 regiae
1439 1239 1555 1309 pretuli,
1565 1241 1645 1311 ntiqui
1658 1239 1764 1295 adducti
1774 1242 1882 1315 suntin)
1900 1260 1905 1300 t

264 1327 312 1389 Dei
326 1328 334 1358 ¹
358 1325 446 1382 iacere
458 1323 564 1392 dicunt,
580 1337 672 1378 uerum
697 1321 777 1379 etiam
803 1320 910 1378 Eiectos
931 1333 995 1376 suos
1010 1333 1060 1390 per
1111 1328 1156 1385 ubi
1170 1329 1259 1398 puella
1272 1330 1382 1384 nomine
1399 1327 1542 1401 Margarita
1555 1330 1634 1385 istam
1647 1330 1776 1386 nefariam
1791 1333 1907 1404 ttupttu·

264 1419 390 1486 cimento
402 1432 461 1490 quae
474 1421 592 1472 sumunt.
609 1413 808 1486 otetsqutppe
819 1412 967 1480 climenti,
990 1412 1059 1468 sicui
1111 1417 1202 1476 dinem
1217 1419 1353 1491 prodidit,
1367 1435 1428 1492 quae
1445 1436 1506 1477 curn
1530 1430 1604 1478 esset
1628 1435 1759 1478 annorum
1786 1423 1905 1479 nondum

263 1511 388 1570 otrirerso
414 1507 531 1575 mundo,
560 1507 609 1564 Ilei
634 1507 810 1571 subsmntiam
832 1506 975 1577 perbibent
998 1520 1059 1562 esso
1110 1510 1272 1581 apoduein,
1286 1513 1463 1584 propositae
1474 1515 1618 1571 molestum
1632 1515 1788 1586 mysterium
1810 1518 1841 1571 ὃς
1861 1515 1906 1571 pt.

263 1601 437 1670 commistam
452 1618 459 1653 ι
473 1613 555 1672 quam
568 1599 677 1671 purgari
690 1605 785 1669 putam
800 1598 826 1654 iu
841 1597 1011 1655 Elecdssuis
1025 1611 1059 1653 co
1111 1603 1262 1660 cebatesse
1274 1604 1394 1660 vitiatam
1409 1605 1430 1658 ¹.
1443 1604 1673 1662 Tuncdusebiam
1685 1605 1827 1677 quamdam
1847 1621 1908 1662 ma·

262 1708 363 1766 genere
375 1687 454 1761 tite,
468 1706 523 1764 quo
532 1692 625 1750 vivunt
643 1691 728 1749 Electi
745 1689 970 1757 Manichaeorum,
986 1690 1060 1746 velut
1110 1695 1242 1752 nimmtrn
1254 1697 1331 1768 qussi
1344 1696 1586 1763 sanctimonialem,
1601 1695 1717 1770 idipsum
1730 1705 1841 1769 propter
1853 1697 1907 1755 boe

262 1788 381 1855 sanctiue
396 1783 611 1844 ctexoellentiuu
634 1782 809 1848 budttpribus
832 1783 900 1840 suis.
920 1775 993 1840 ban
1016 1781 1059 1838 itit
1111 1789 1199 1860 ipsum
1222 1801 1348 1859 passam,
1361 1788 1407 1844 rin
1420 1788 1550 1860 compulit
1570 1787 1708 1856 cantitari,
1733 1803 1796 1846 cum
1817 1789 1908 1859 primo

263 1875 368 1947 duabus
378 1875 606 1950 professionibus,
618 1874 670 1931 boc
682 1883 725 1934 est
737 1875 890 1937 tilectomm
904 1883 933 1932 et
947 1873 1060 1932 Audito-
1111 1880 1369 1937 lltaseasseruisset
1381 1880 1529 1952 integram,
1543 1887 1624 1950 atque
1642 1880 1676 1936 ab
1703 1878 1848 1935 obstetrice
1860 1881 1908 1934 in·

262 1979 341 2037 torn,
355 1967 504 2024 Ecclesiam
516 1981 593 2024 stum
607 1965 892 2026 masorenolterunt.
904 1963 934 2021 ln
953 1966 1059 2022 catena
1110 1971 1177 2043 episi
1185 1971 1431 2043 pmtnlssseteque
1450 1971 1617 2042 tropeum
1628 1969 1907 2040 quidessettosenta,

262 2066 352 2117 autem
369 2057 541 2127 minutiis
556 2057 638 2122 iiiam
661 2057 690 2114 in
709 2055 775 2128 ipsis
793 2053 969 2115 Ᾱΰᾶῑῑθῐὶῧῑῑῦ
982 2055 1058 2121 iltis,
1111 2071 1196 2119 totum
1209 2062 1275 2120 illud
1283 2061 1468 2134 turpissimum
1480 2063 1588 2129 scelus,
1602 2061 1649 2117 ubi
1664 2061 1699 2116 ad
1716 2062 1908 2132 excipiendum

262 2147 332 2206 banc
346 2158 450 2221 partem
467 2149 546 2209 bona
561 2149 714 2220 duaeque
729 2147 885 2207 emunita
904 2161 963 2218 qttae
976 2146 1060 2204 mitta
1111 2153 1374 2217 eteommiseeudum
1386 2152 1620 2210 eonetmiteutium
1632 2166 1725 2208 semen
1735 2153 1820 2208 tarium
1844 2153 1908 2209 sub·

262 2249 292 2301 et
303 2241 426 2311 coligata
437 2239 463 2300 iu
477 2239 548 2296 escb
558 2246 587 2296 et
599 2238 705 2312 potibus
719 2238 872 2306 detinetur,
891 2237 1060 2308 mutuaeque
1110 2245 1329 2316 sternitmtquod
1339 2245 1479 2316 llargarita
1492 2244 1626 2301 indimota
1638 2244 1734 2301 absens
1744 2257 1798 2301 non
1812 2244 1910 2300 audie-

264 2333 293 2390 in
303 2332 343 2392 cis
356 2331 403 2404 qui
415 2339 546 2404 generunt
560 2331 644 2399 ilios,
656 2331 756 2388 eredes
769 2338 798 2388 et
808 2330 971 2401 modoaltus
981 2331 1060 2388 cottia

263 2425 321 2501 gari
334 2431 437 2494 putant.
446 2421 583 2494 Quidquid
596 2436 661 2483 reru
672 2421 790 2492 undique
798 2429 927 2493 pingatur
938 2420 1057 2490 lumitds,

263 2530 312 2588 per
322 2514 450 2587 quasdam
462 2529 553 2584 mres,
564 2528 632 2587 quas
642 2529 704 2572 esse
715 2515 806 2573 lunsm
821 2522 849 2572 et
861 2514 946 2592 solem
955 2515 1059 2583 volunt,

262 2607 405 2682 effluebat
417 2647 426 2676 ,
438 2616 563 2680 unquam
575 2606 692 2680 propriis
700 2606 811 2668 sedibus
821 2605 907 2664 reddi.
919 2605 991 2673 Quas
1011 2606 1059 2663 iti·

262 2698 461 2768 &muscosos
472 2699 622 2765 tubruutm
635 2699 684 2761 Dei
701 2713 767 2769 pura
779 2697 921 2769 perbibent
941 2697 1059 2756 labrice-

263 2797 314 2852 tat·
328 2790 483 2862 Lmetaeue
495 2791 576 2849 imm
593 2805 749 2861 corpoream
764 2790 939 2850 animantium
958 2799 1060 2848 morta·

262 2880 327 2950 lium
341 2881 426 2945 oeulis
437 2880 621 2952 ammentant,
640 2895 695 2938 uun
715 2881 803 2941 solum
824 2882 853 2940 iu
865 2882 908 2937 liis
923 2881 1058 2949 nauibus,

263 2972 308 3033 ubi
322 2987 382 3040 eam
405 2973 578 3046 purissimam
603 2971 734 3040 eredunt,
748 2987 842 3030 rerum
857 2972 937 3032 eoam
952 2974 981 3028 tn
999 2972 1062 3029 altis

262 3067 412 3138 quibusque
426 3067 521 3127 lucidis
533 3066 634 3133 rebus,
648 3066 694 3124 ubi
709 3065 859 3124 secundum
871 3067 944 3136 ipsos
956 3076 1061 3122 tenetur

263 3157 397 3234 admixta,
412 3158 584 3228 crediturque
598 3159 756 3230 purganda,
771 3157 820 3216 liei
833 3157 926 3218 munt
938 3173 1000 3215 ease
1011 3173 1061 3214 aa·

263 3259 360 3308 turam.
374 3251 496 3323 Quinque
516 3251 588 3308 enint
603 3251 809 3323 elementaque
821 3251 1061 3324 genueruutprin«

263 3342 339 3414 cipes
358 3343 502 3414 proprius,
521 3343 595 3415 genti
616 3343 736 3404 tribuunt
758 3343 950 3404 marmarum:
974 3358 1060 3415 eaque

262 3432 395 3493 elementa
419 3433 463 3490 lais
476 3434 630 3492 nominibus
643 3442 815 3504 nuncupant,
836 3433 955 3502 lantum,
982 3442 1058 3492 tene·

263 3523 343 3594 tiras,
357 3527 446 3602 ignem
458 3567 466 3594 ,
479 3542 593 3599 aquam,
606 3538 725 3586 rentum.
742 3527 771 3584 ln
790 3526 864 3584 lumo
878 3537 940 3584 nata
952 3527 1057 3584 aniana·

263 3616 298 3684 lta
311 3619 434 3698 bipedia,
445 3619 515 3684 uude
530 3619 654 3679 bomiues
666 3621 766 3679 ducere
777 3621 906 3692 originem
925 3626 1057 3686 censent;

262 3706 290 3765 in
313 3709 447 3777 teneiris,
468 3710 620 3781 serpentia3
646 3711 674 3768 in
698 3711 779 3782 igne,
801 3709 1003 3781 quadrupedia,
1030 3709 1059 3765 in

262 3801 356 3873 aquis,
382 3799 523 3864 ntamtii‘tct
545 3801 572 3856 in
599 3810 696 3868 reato,
717 3800 844 3862 volatilia.
870 3799 917 3858 lt's
941 3800 1059 3870 quinque

261 3891 401 3949 clauseritis
422 3892 499 3949 malis
514 3891 679 3950 debellandis
709 3892 762 3948 alia
786 3893 902 3963 quinque
926 3891 1060 3950 elementa

262 3981 297 4040 de
315 3997 396 4054 regno
418 3991 446 4038 et
459 3983 605 4038 substantia
634 3983 680 4040 liei
706 3984 786 4038 naisso
810 3998 887 4051 esse,
912 3991 939 4042 et
961 3983 991 4039 in
1013 3982 1059 4041 ills

261 4087 350 4146 pugna
377 4073 461 4130 luisse
489 4073 637 4146 permirta5
672 4071 746 4132 inmo
764 4087 843 4141 aera,
870 4072 986 4131 tenebris
1014 4073 1057 4130 lo·

262 4183 322 4226 cem
335 4209 345 4236 ,
359 4168 414 4239 igni
436 4167 507 4224 tualo
522 4168 609 4240 ignem
629 4166 744 4234 bonum
769 4181 845 4237 aque
864 4166 942 4221 utalae
960 4180 1057 4237 equam

263 4258 380 4327 buttem,
410 4267 490 4316 rento
510 4259 585 4316 malo
598 4269 707 4316 ventum
722 4259 833 4316 bonum.
860 4259 946 4316 Nares
967 4267 1058 4314 autera

206 4365 208 4368 ·
261 4351 340 4418 illas,
352 4350 380 4410 id
393 4359 452 4421 est,
463 4349 517 4406 duo
530 4350 595 4408 coeli
608 4350 747 4409 luminaria
758 4390 766 4415 ,
778 4350 815 4406 ita
830 4348 1013 4421 distinguunt,
1029 4357 1059 4405 ut

260 4440 454 4510 iuuamdirant
467 4441 607 4512 taqamer
631 4441 800 4512 toruaque,
823 4441 908 4502 solem
934 4455 999 4499 uere
1022 4455 1057 4501 ex

261 4534 325 4610 igne.
345 4534 427 4600 boue.
442 4533 510 4602 Esse
523 4542 613 4591 auteur
627 4533 654 4590 iu
667 4533 707 4612 eis
722 4534 833 4596 uatibus
853 4542 960 4597 mactas
972 4533 1059 4593 ιιίιω-

260 4636 319 4695 tes,
341 4641 402 4697 quae
425 4641 455 4682 se
474 4627 502 4682 in
522 4627 656 4683 masculos
673 4626 875 4698 transfigurant,
896 4636 925 4683 ut
945 4627 1057 4682 illiciant

260 4719 472 4792 teminaqgentis
484 4719 621 4785 adversor,
635 4727 662 4775 et
674 4733 768 4778 rursus
782 4720 809 4774 iu
820 4719 932 4777 l'unrinas
942 4759 950 4788 ,
962 4727 991 4774 ut
1004 4718 1056 4777 itli-

260 4812 331 4866 eiant
340 4810 472 4866 masculos
485 4809 603 4881 ejusdem
616 4811 702 4882 gentis
714 4809 833 4866 adversae
843 4813 854 4843 ¹
866 4827 874 4876 ;
886 4819 914 4868 et
926 4824 974 4880 per
984 4809 1057 4866 banc

259 4903 414 4963 illecebram
426 4910 561 4961 commuta
573 4917 667 4959 eorum
688 4901 900 4971 conoupiseentia
925 4901 1007 4972 lugiat
1019 4900 1055 4959 de

259 4993 313 5052 illis
323 4996 428 5065 lumen,
440 4995 512 5068 quod
525 4997 651 5054 membris
665 4997 720 5052 sutis
734 4997 895 5067 permixtum
907 4997 1054 5067 unebant,

262 5088 460 5160 assurgentium
474 5091 633 5161 suscipiatur
646 5091 680 5146 ab
694 5088 796 5161 angelis
806 5089 882 5158 lucis,
897 5100 1056 5163 purgatum-

261 5193 313 5264 que
324 5181 380 5238 illis
399 5184 510 5240 naribus
523 5185 676 5256 imponatur
687 5183 721 5242 ad
735 5197 815 5254 regua
831 5184 939 5255 propria
959 5200 1055 5256 repur-

291 5359 299 5387 ¹
317 5353 386 5416 ltditi,
395 5353 508 5407 obruent
518 5355 571 5408 Det.
583 5353 668 5408 tletita
677 5361 740 5412 llos..
752 5353 849 5406 obrute
862 5361 907 5406 bct
921 5366 929 5405 .·
941 5365 1001 5419 quas
1013 5356 1052 5404 ni-

260 5416 415 5486 prlnrmiutru
426 5419 545 5468 uumcbaei
559 5420 642 5470 dieunt
653 5428 710 5468 osse
725 5419 750 5467 iu
768 5417 820 5466 sole
833 5425 858 5468 et
870 5415 926 5467 luua
937 5425 1054 5490 tanquam

258 5489 285 5530 ttt
295 5479 387 5529 duabus
398 5481 499 5530 navibus
511 5487 604 5531 moretm
615 5480 719 5532 melotes.
740 5480 869 5530 coneordat
888 5479 912 5527 in
937 5480 1052 5540 tugiensi

258 5541 393 5603 exemplari
406 5549 476 5591 retus
486 5541 529 5591 itte
540 5542 572 5592 de
583 5544 720 5592 llmrusiltus
737 5543 807 5599 libor,
827 5553 901 5604 (prtem
913 5542 987 5590 indito
1006 5553 1051 5589 uo-

257 5603 324 5654 mine
336 5604 499 5672 lraedestiuati
510 5603 639 5666 publieouit
650 5606 752 5655 tuuobus
762 5603 911 5663 sirmondum
919 5603 961 5666 qui
967 5611 1052 5654 tamen

257 5661 305 5718 buc
314 5663 367 5714 loco
376 5669 487 5716 western
499 5665 544 5717 bei
554 5665 638 5716 edidit.

289 5729 371 5776 ’lires
389 5739 445 5789 pars
465 5729 610 5786 sententiaa,
625 5734 745 5780 armeus
748 5763 805 5780 ......
823 5727 898 5792 penda
919 5726 1051 5793 aduerso,

256 5787 393 5844 restituitur
415 5801 448 5839 ex
460 5795 511 5840 llas.
525 5789 583 5840 vide
595 5788 684 5840 lituum
694 5790 725 5841 de
740 5789 901 5854 damnationi,
914 5789 1017 5856 epte
1071 5843 1074 5846 ,

1111 2337 1181 2409 rat),
1194 2337 1320 2394 similiter
1330 2336 1468 2394 iudicerit.
1484 2337 1518 2392 lit
1529 2335 1632 2392 recenti
1644 2343 1766 2406 tempore
1778 2333 1908 2392 nonnulii

1111 2443 1205 2488 eorum
1217 2430 1333 2501 reperti,
1347 2437 1376 2486 et
1400 2428 1435 2485 ad
1458 2428 1601 2485 ecclesiam
1614 2426 1706 2494 duett,
1733 2427 1804 2483 sieut
1822 2426 1910 2482 Gesta

1111 2523 1273 2594 episcopalia
1284 2537 1346 2593 qua
1367 2516 1448 2577 nobis
1463 2521 1577 2577 misistis
1590 2519 1752 2587 ωιειιᾱιιιιι,
1779 2519 1832 2574 tuoe
1850 2531 1912 2575 non

1111 2622 1323 2681 usamentum,
1339 2612 1387 2668 ted
1398 2620 1649 2678 exseonmeotum,
1662 2611 1714 2667 sub
1727 2611 1846 2681 diligenti
1861 2609 1910 2671 in·

1111 2705 1292 2777 terrogetione
1317 2702 1434 2760 eouieasi
1463 2712 1548 2760 sunt:
1569 2716 1684 2774 quorum
1703 2715 1773 2756 unus
1795 2701 1912 2762 nomin·

1112 2799 1221 2864 Viator,
1236 2810 1285 2853 ees
1294 2798 1340 2867 qui
1352 2797 1402 2852 ista
1414 2795 1516 2851 iaciunt
1528 2794 1638 2866 proprie
1651 2791 1815 2848 catharistas
1833 2793 1845 2825 ²
1857 2805 1909 2846 ro-

1111 2891 1167 2948 cari
1178 2889 1286 2956 dicens,
1296 2902 1358 2944 eunt
1367 2887 1434 2942 alas
1445 2885 1567 2957 eiusdem
1581 2881 1736 2940 muniebam
1749 2891 1828 2939 seete
1842 2897 1911 2953 prr·

1113 2992 1154 3038 tes
1168 2982 1195 3036 in
1207 2979 1343 3036 ltmtarios
1357 2978 1387 3046 ⁸,
1399 2986 1427 3034 et
1437 2976 1589 3049 spectatior
1597 2974 1767 3039 muicbaeus,
1781 2971 1910 3030 distribui

1111 3072 1386 3145 perbiberet,ontoes
1409 3078 1499 3125 tamen
1521 3069 1573 3124 bas
1594 3076 1649 3122 tres
1673 3064 1774 3120 turmas
1793 3063 1829 3118 ab
1848 3078 1911 3121 unu

1110 3176 1220 3224 amre
1232 3173 1409 3238 popagam,
1421 3170 1450 3218 et
1460 3174 1556 3218 ornnes
1567 3159 1728 3231 generaliter
1740 3155 1911 3212 musicem

1111 3273 1190 3326 esse,
1205 3271 1304 3329 negare
1314 3271 1368 3311 nou
1381 3255 1476 3326 potuit.
1488 3253 1524 3308 lit
1542 3261 1616 3308 certe
1629 3249 1669 3306 illi
1690 3249 1751 3305 libri
1764 3246 1909 3303 nantensi

1112 3360 1175 3407 sunt
1183 3347 1376 3405 omnibussiue
1395 3345 1563 3402 dubitatione
1572 3356 1744 3409 medunco,
1758 3341 1785 3396 in
1807 3339 1908 3410 quibus

1111 3443 1188 3501 libris
1200 3441 1245 3498 illa
1259 3449 1382 3512 portenta
1394 3439 1429 3495 ad
1443 3435 1592 3494 illiciendos
1604 3445 1632 3492 et
1650 3449 1699 3505 per
1711 3432 1908 3502 coucupiscen-

1112 3536 1176 3590 tiam
1188 3532 1375 3590 dbwlrendos
1388 3530 1527 3600 utriusque
1542 3541 1625 3582 sexus
1634 3525 1768 3596 principes
1779 3521 1908 3580 tenebra⁴

1111 3640 1188 3691 rurs,
1200 3633 1230 3680 ut
1238 3624 1352 3680 litterata
1365 3621 1450 3692 lugiet
1460 3620 1495 3676 ab
1508 3619 1567 3684 ets,
1582 3630 1643 3688 quae
1655 3615 1786 3684 captivata
1797 3613 1910 3671 tenem-

1111 3727 1156 3773 tur
1169 3718 1196 3772 in
1209 3716 1249 3772 eis
1262 3714 1354 3770 diuina
1364 3711 1529 3776 muntia,
1544 3708 1578 3763 de
1590 3706 1769 3762 mamulurunr
1784 3705 1813 3759 iu
1827 3702 1910 3761 iumi-

1111 3825 1160 3867 nas
1174 3817 1202 3865 et
1214 3806 1374 3863 iemiuamm
1384 3805 1412 3860 in
1424 3801 1557 3858 masculos
1582 3797 1817 3869 transdguratloue
1837 3809 1908 3852 uon·

1111 3903 1211 3973 mripta
1222 3910 1295 3965 sunt,
1304 3898 1376 3956 uode
1389 3897 1449 3960 ista,
1458 3907 1539 3965 quam
1549 3890 1661 3961 quilibet
1674 3903 1767 3945 eurum
1781 3885 1908 3958 negam'·

1112 3994 1148 4052 cd
1161 4009 1193 4052 se
1219 3993 1369 4064 pertinere,
1392 3983 1529 4056 turpitudo
1550 3980 1672 4038 delusit.
1700 3979 1808 4036 iiirittas
1830 3976 1907 4034 enim

1110 4089 1241 4154 tutmes,
1259 4092 1387 4155 mantum
1408 4084 1539 4150 possunt,
1567 4074 1666 4129 imitari
1685 4086 1717 4128 se
1739 4078 1850 4140 putant,
1875 4077 1910 4126 ut

1111 4184 1226 4252 purgent
1249 4175 1298 4230 liei
1311 4172 1353 4228 sui
1378 4179 1482 4240 partem
1495 4181 1502 4220 :
1517 4179 1599 4235 quam
1618 4160 1755 4232 protecto,
1781 4161 1852 4226 deut
1876 4160 1908 4216 in

1110 4269 1235 4326 omnibus
1245 4263 1404 4334 corporibus
1415 4256 1571 4316 munna
1579 4263 1609 4310 et
1623 4251 1811 4318 terrestribus,
1823 4258 1908 4322 atque

1110 4363 1138 4420 iu
1152 4360 1271 4418 omnium
1285 4370 1376 4412 reru-
1390 4349 1555 4415 seminibus,
1570 4345 1608 4401 ita
1632 4353 1661 4400 et
1678 4342 1706 4398 in
1725 4342 1842 4400 bominis
1862 4357 1909 4398 se·

1109 4456 1184 4513 mlue
1194 4449 1282 4510 moeri
1292 4446 1449 4504 existimant
1472 4440 1648 4510 mqmmtm
1661 4435 1701 4495 ie
1725 4449 1774 4505 per
1796 4435 1849 4490 troc
1860 4447 1907 4488 se-

1110 4547 1202 4620 quitur
1214 4557 1281 4610 eos,
1296 4550 1326 4597 ut
1339 4540 1378 4595 sic
1402 4549 1464 4594 eam
1483 4533 1564 4589 etiam
1585 4530 1619 4586 de
1639 4526 1743 4585 semine
1766 4525 1907 4593 bumano,

1110 4633 1337 4714 quemadmodum
1349 4630 1385 4688 de
1402 4627 1464 4693 allia
1485 4622 1708 4692 seminibusque
1730 4618 1759 4672 in
1772 4615 1907 4677 alimentis

1110 4735 1238 4793 munt,
1254 4724 1370 4781 debeant
1382 4712 1569 4775 manducando
1592 4724 1718 4783 purgare.
1731 4707 1811 4765 Unde
1824 4708 1907 4764 etiam

1110 4819 1268 4893 satharistae
1281 4812 1466 4886 appellantur,
1479 4803 1555 4878 quasi
1571 4809 1745 4874 purgatores,
1759 4805 1832 4853 tantm
1845 4810 1907 4853 eam

1111 4917 1256 4985 purgantes
1266 4903 1419 4976 diligentia,
1429 4908 1461 4954 ut
1482 4912 1513 4952 se
1531 4909 1582 4950 nee
1592 4892 1628 4947 att
1640 4892 1692 4946 bac
1705 4899 1759 4944 tam
1773 4886 1907 4942 trurrenda

1110 5005 1165 5067 cibi
1180 4998 1342 5072 turpitudine
1354 4993 1513 5052 abstineant.
1521 4985 1578 5044 Nec
1591 4991 1738 5042 vescuntur
1748 4988 1838 5036 tamen
1847 4992 1906 5035 car-

1143 5144 1154 5175 ¹
1170 5141 1207 5191 sic
1216 5145 1270 5187 uss.
1282 5133 1343 5185 lditi
1353 5135 1437 5181 autem
1446 5125 1548 5182 habeut,
1560 5117 1681 5171 mowtmn.

1141 5207 1154 5238 ¹
1170 5205 1212 5252 laic
1224 5199 1281 5250 editi
1292 5195 1391 5252 addunt,
1403 5188 1429 5240 id
1441 5193 1476 5240 est
1486 5183 1640 5237 ntundmores
1651 5177 1688 5228 uel
1699 5181 1848 5250 nugatores.

1143 5268 1154 5300 ⁸
1169 5263 1239 5323 edd,
1251 5259 1368 5310 ememus
1382 5267 1390 5304 :
1402 5249 1468 5315 quud
1478 5255 1586 5299 erratum
1606 5247 1706 5314 secutus
1716 5245 1755 5311 ost
1771 5234 1908 5288 suruundus

1111 5331 1137 5381 iu
1157 5340 1203 5380 suo
1224 5320 1411 5376 traetleoinatm
1434 5320 1571 5375 quanqumn
1580 5313 1704 5379 augiense
1723 5297 1833 5361 eiusdem
1844 5303 1907 5366 trug-

1110 5387 1225 5443 desttnati
1236 5380 1362 5445 eretnplar
1372 5373 1480 5442 praeiert,
1491 5374 1621 5422 ummnua.
1637 5371 1744 5436 Stetere
1759 5357 1852 5428 babent
1869 5356 1908 5411 bre

1112 5457 1186 5505 etiam
1197 5445 1322 5500 anausoni
1344 5451 1396 5489 etse.
1419 5445 1512 5485 omues.
1524 5439 1616 5500 demque
1638 5435 1695 5497 quta
1713 5435 1738 5470 tn
1754 5426 1835 5500 mattas
1853 5418 1911 5467 dor.

1111 5519 1199 5572 mittut,
1216 5487 1316 5560 tt‘a'tttarii
1337 5499 1501 5565 appellamur,
1526 5506 1559 5542 ex
1575 5489 1637 5538 lrbtu
1654 5489 1670 5535 ‘o
1686 5489 1769 5534 couno
1787 5488 1907 5540 taustunr,

1110 5591 1321 5688 militensem
1333 5626 1442 5676 duouss
1457 5625 1484 5668 tt
1494 5615 1563 5674 editi,
1575 5599 1906 5671 mdeteowttmlwii
1982 5645 1991 5662 .

1113 5701 1256 5761 tristegum,
1268 5701 1316 5744 eto
1560 5760 1565 5770 Ι

1075 5800 1126 5866 Just
1145 5782 1182 5846 (tt)
1193 5777 1245 5829 tid.
1258 5771 1346 5826 coniti.
1368 5770 1394 5820 tu
1404 5767 1457 5823 lits
1469 5759 1602 5826 domitii,
1615 5767 1670 5822 mp,
1681 5752 1722 5806 le,

1076 6037 1121 6088 esf..

1063 6083 1130 6147 assi
