4034 6334
744 301 847 364 trusit
864 300 1011 362 TERTIUS
1029 299 1189 364 bbtlutts.

457 483 730 672 ⁴‘nuttriri
766 501 1116 672 emerius
1148 559 1516 678 mucimus

177 775 335 840 nesequltm
345 771 378 825 de
387 771 497 834 selectu
508 771 535 821 in
546 783 594 836 qua
604 767 816 842 videlieetuetium
826 772 854 818 m
864 779 880 818 e
894 768 1013 830 saplentiu
1030 769 1196 843 distinguitur,
1203 772 1337 825 trinitatem
1355 774 1484 840 quamdam
1500 776 1628 844 inquirere
1638 775 1701 842 libro
1711 791 1788 846 supe-

147 844 214 894 rioro
224 840 309 901 eupit,
318 847 367 910 qu
378 835 505 888 cendone
516 833 556 884 bic
566 833 640 884 iidem
651 833 807 902 deminuam
814 829 1113 896 commendans-explicat
1157 833 1244 906 omodo
1253 835 1407 886 credentium
1418 839 1451 912 sit
1465 836 1526 891 lldes
1537 849 1585 890 una
1601 847 1628 891 et
1643 843 1789 895 eommunis.

148 911 207 976 ium
217 899 395 972 beatitudinem
406 908 495 970 omnes
500 894 576 971 uelle,
587 907 636 946 nec
645 901 728 945 umen
738 905 846 966 omnium
858 904 916 964 esee
930 890 1064 966 iidemque
1081 893 1111 966 ud
1195 896 1305 970 tudinem
1327 907 1478 960 peruenitur.
1498 907 1564 976 tiano
1576 909 1666 976 'nutem
1681 901 1755 954 fldem
1763 907 1790 958 in

145 955 1582 1092 tumultum&lt‘nimbi‘imiililmibitil¹intilliiiltbilbbulbi
1590 965 1792 1094 immittit

145 1089 221 1138 rerba
237 1086 295 1138 utel
305 1086 364 1137 dum
374 1084 497 1136 memori-'e
507 1081 659 1156 muniuntur,
667 1093 751 1151 inesse
761 1077 889 1150 quamdqm
898 1089 924 1129 tu
931 1085 1165 1152 anmtotrruttutem,
1174 1093 1233 1143 qum
1244 1087 1271 1131 et
1281 1083 1430 1158 inmemoriu
1440 1093 1497 1137 sunt
1504 1089 1635 1138 umbonum
1645 1089 1708 1150 soni,
1717 1091 1792 1142 etiam

144 1149 243 1214 quaudo
254 1148 326 1198 borno
341 1147 398 1196 inde
415 1159 465 1196 non
475 1149 581 1208 eogitat;
594 1149 621 1193 et
631 1141 688 1191 unde
700 1143 815 1190 lormatur
825 1151 892 1190 actes
902 1138 1076 1198 reenroauonrs
1089 1153 1152 1204 etue,
1160 1143 1256 1208 quuudo
1267 1143 1300 1196 do
1310 1144 1348 1198 lue
1359 1153 1462 1214 bognum
1472 1155 1499 1202 ot
1509 1149 1609 1206 dentum
1624 1149 1736 1206 immutes
1747 1163 1789 1204 rs·

144 1211 350 1276 euenum
358 1203 774 1274 ngummnunnqneeonjnngn.

907 1326 1041 1381 dimite

177 1473 292 1532 mulli
305 1455 448 1532 euttlull.
459 1499 496 1514 -·
509 1471 538 1527 l.
550 1469 690 1542 Sapientia
701 1475 726 1523 et
737 1465 848 1522 minutio
859 1465 941 1538 officie
993 1462 1167 1522 intellectuali
1182 1475 1273 1524 mente
1288 1469 1454 1530 cernendum
1474 1480 1525 1536 est,
1539 1475 1597 1544 Qua
1607 1475 1633 1531 in
1645 1491 1676 1533 re
1690 1485 1792 1548 quunto

142 1585 175 1625 ee
187 1567 330 1638 seripturis
339 1566 482 1622 dueum
491 1561 649 1636 oppetitur.
661 1560 703 1616 liu
715 1559 825 1615 iuuenis
837 1557 940 1614 merdic
993 1556 1078 1627 magis
1089 1558 1202 1630 quisque
1216 1558 1380 1632 proiecerit,
1397 1572 1471 1621 tanto
1492 1565 1538 1622 liet
1551 1567 1609 1624 sine
1623 1565 1792 1628 dubitatione

142 1662 196 1716 utu
216 1660 287 1716 dictu
305 1658 339 1715 od
352 1658 522 1728 espimucut,
535 1656 589 1710 utic
610 1655 645 1708 ud
663 1653 792 1709 tumtum
805 1651 938 1724 pertinere.
992 1649 1148 1720 sapientior.
1164 1651 1216 1708 Sed
1229 1662 1339 1726 propter
1352 1655 1379 1712 id
1392 1657 1463 1726 quod
1485 1659 1539 1726 uit,
1554 1659 1612 1716 Luc
1632 1663 1697 1718 lucet
1710 1663 1737 1718 iu
1751 1672 1789 1720 te·

143 1750 269 1818 Quam
287 1749 323 1804 iii
335 1748 397 1818 fidei
410 1756 509 1802 mutum
522 1745 619 1801 auxilio
638 1746 749 1816 cognite.
764 1740 941 1811 Quontoclofi-
992 1739 1085 1806 nebris,
1101 1751 1124 1796 et
1139 1743 1247 1798 tenebre
1258 1761 1313 1801 eom
1324 1763 1375 1802 nort
1389 1749 1632 1820 comprehenderunt
1644 1769 1653 1818 ,·
1669 1753 1722 1810 lide
1736 1753 1791 1810 ut't·

140 1844 200 1898 ,tm
220 1842 315 1913 quein
327 1841 399 1898 nobis
412 1849 449 1895 est
460 1839 584 1894 uidemus.
599 1837 634 1893 ln
653 1837 743 1893 eudem
755 1835 865 1891 luuntur
879 1851 940 1890 nor·
991 1847 1043 1903 que
1057 1847 1124 1906 opus
1145 1848 1217 1906 erat,
1234 1851 1285 1908 qua
1299 1840 1453 1896 crederetur
1474 1831 1545 1914 quod
1567 1859 1620 1900 non
1640 1845 1788 1903 uideretur.

140 1937 240 1992 ratim
251 1974 262 2004 ,
275 1934 329 1990 olis
340 1942 401 1990 eust
420 1932 536 2002 eorporis
554 1945 648 1998 unu,
664 1929 717 1984 olio
741 1937 839 1982 tentmn
860 1927 939 1981 enimi
992 1925 1129 1982 Tettebrns
1141 1929 1239 2000 quippe
1251 1931 1362 2004 intelligi
1373 1933 1456 1989 voluit
1469 1974 1476 2001 ,
1488 1950 1582 1993 averse
1592 1937 1625 1994 ab
1637 1937 1791 2010 ttujnsmodi

139 2029 240 2085 facim
257 2026 370 2097 ungium
385 2023 414 2080 ln
426 2023 497 2079 libro
509 2021 649 2093 superiore
663 2021 744 2091 liujus
757 2021 848 2090 operis
868 2019 938 2075 duo-
991 2018 1051 2073 luco
1074 2035 1187 2091 eumque
1211 2022 1299 2078 minus
1323 2022 1417 2080 idonea
1437 2029 1560 2084 contueri
1583 2029 1666 2085 corda
1687 2039 1790 2088 morta·

139 2120 248 2178 docimo
261 2120 328 2177 sutis
346 2119 448 2190 egimus
459 2116 614 2173 discernere
627 2115 766 2170 rationalis
784 2111 882 2172 mentis
896 2113 938 2167 ol·
990 2110 1056 2189 lium
1073 2129 1080 2167 ι
1097 2121 1206 2186 propter
1217 2114 1288 2195 quod
1299 2115 1420 2192 udlungit
1432 2119 1551 2195 etdicit,
1564 2121 1626 2180 Fuit
1640 2123 1715 2179 ltonto
1728 2128 1790 2182 ntis·

139 2212 233 2268 ficium
246 2211 275 2268 q„
288 2209 481 2281 pemmatibus
492 2209 594 2272 mnus,
609 2206 655 2262 ubi
667 2221 721 2260 non
736 2205 792 2261 sola
802 2205 936 2276 cognitio,
991 2219 1063 2258 tutu
1082 2203 1146 2272 Deo,
1157 2206 1200 2260 cui
1212 2223 1301 2262 nomen
1321 2218 1376 2264 erut
1390 2207 1505 2266 loannes
1520 2227 1529 2269 .·
1543 2211 1584 2268 bic
1596 2215 1664 2268 uenit
1676 2217 1703 2270 itt
1721 2216 1791 2274 teut-

139 2319 236 2360 uerum
245 2305 358 2359 utactio
371 2309 461 2356 nostra
474 2309 606 2367 versatur,
620 2297 655 2352 ub
664 2296 854 2354 eroellentiore
866 2297 939 2367 ejtrs-
990 2295 1115 2364 utorium,
1130 2305 1157 2350 ut
1167 2297 1338 2354 testimonium
1348 2300 1488 2372 perbiberet
1502 2303 1649 2375 delumine,
1662 2315 1690 2360 ut
1702 2323 1790 2364 ontnet

138 2394 205 2450 dem
218 2391 439 2458 mmrtieoiiieio,
452 2389 524 2461 quod
541 2388 754 2458 contemplandis
772 2389 880 2444 aeternis
893 2403 939 2445 re·
990 2389 1119 2447 crederent
1131 2391 1267 2464 perillum.
1283 2394 1341 2451 iloe
1350 2393 1407 2466 jum
1421 2398 1605 2468 temporaliter
1617 2409 1721 2472 gestum
1736 2409 1789 2468 ost,

137 2484 191 2540 hus
211 2483 386 2555 impendimur,
400 2497 433 2538 ae
453 2481 510 2537 sola
528 2482 681 2553 cognitione
694 2481 795 2537 linitur.
810 2481 938 2537 Commo·
990 2489 1018 2537 et
1041 2483 1075 2539 ud
1095 2484 1234 2541 scientiam
1255 2487 1388 2557 pertinet,
1405 2505 1465 2563 quie
1486 2491 1638 2564 cognitione
1659 2491 1790 2552 historica

136 2573 200 2632 dius
213 2584 303 2630 sutem
317 2574 378 2630 limi
390 2579 515 2646 permut
526 2572 561 2628 de
574 2571 720 2643 seripturis
729 2574 828 2628 sanctis
839 2573 937 2645 aliquid
990 2575 1151 2634 continetur.
1173 2577 1315 2637 Hotrtinem
1336 2590 1427 2638 autem
1447 2583 1578 2642 Jounnem
1598 2587 1626 2642 in
1649 2586 1789 2660 phantasia

135 2669 317 2736 interseram,
332 2682 386 2739 quo
407 2667 511 2724 inutilium
536 2667 622 2739 possit
644 2675 788 2738 utrumque
806 2667 937 2740 dignosci.
990 2669 1149 2741 cogitamus,
1164 2685 1225 2742 quae
1236 2671 1270 2728 de
1283 2673 1407 2730 humanm
1427 2683 1531 2734 nuturte
1553 2679 1647 2736 notitia
1658 2679 1789 2756 impressu

173 2759 203 2816 2.
218 2758 394 2830 Euangeliou
415 2773 494 2814 suurn
503 2757 792 2831 loanneoevangelista
805 2759 846 2816 sic
859 2761 939 2816 exor-
989 2771 1032 2818 est
1052 2771 1150 2819 nostru
1174 2765 1322 2822 memorie.
1337 2765 1369 2823 Et
1384 2765 1539 2826 boceodem
1554 2771 1636 2828 modo
1649 2771 1786 2846 cogitant,

138 2866 186 2908 sus
207 2859 250 2908 est
266 2868 273 2905 :
289 2849 323 2906 ln
345 2850 471 2922 prlnupio
491 2859 546 2906 erut
568 2849 697 2917 lutum,
711 2857 736 2905 et
752 2850 861 2907 Verium
883 2859 938 2908 erut
990 2851 1103 2924 sinequi
1118 2854 1167 2910 istu
1183 2871 1235 2911 non
1251 2857 1506 2932 credunt,sivequi
1519 2861 1642 2920 credunt.
1657 2861 1785 2938 Utrisque

138 2945 211 3017 apud
230 2943 331 3012 Dant,
343 2942 450 2998 etlieur
469 2952 524 2998 eret
542 2943 736 3000 inienuitate
755 2951 809 2998 erut
824 2945 853 3000 in
867 2946 939 3016 prim
989 2945 1061 3000 enim
1085 2957 1178 3001 notum
1202 2954 1244 3004 est
1268 2947 1332 3020 quid
1357 2949 1392 3006 sit
1405 2951 1505 3023 homo,
1525 2954 1601 3026 cuius
1623 2955 1787 3017 exteriorem

139 3037 208 3109 cipio
221 3036 292 3106 apud
303 3035 398 3096 bosun
413 3035 507 3094 Omnia
518 3052 564 3108 per
576 3036 661 3107 ipsum
673 3036 742 3107 lecto
755 3045 833 3106 tunt,
849 3046 873 3092 et
883 3039 940 3094 tine
988 3045 1112 3109 partem,
1129 3037 1155 3093 id
1167 3047 1226 3108 est,
1238 3055 1337 3116 corpus
1353 3057 1401 3116 per
1422 3046 1543 3117 corporis
1563 3047 1663 3106 luminu
1684 3046 1788 3106 didice-

139 3129 197 3201 ipeo
207 3129 348 3200 [comest
357 3130 422 3186 nitu
430 3130 499 3202 qued
510 3133 608 3202 foetum
621 3137 661 3184 est
671 3144 681 3184 .·
693 3128 721 3184 in
739 3129 796 3200 ipro
807 3131 859 3184 ritu
872 3138 936 3197 not,
988 3137 1052 3184 runt
1068 3144 1075 3184 ι
1090 3129 1244 3188 interiorem
1268 3147 1332 3190 tero
1345 3177 1352 3204 ,
1364 3135 1391 3192 id
1411 3144 1468 3206 est,
1481 3139 1598 3196 animem
1612 3143 1639 3196 ln
1663 3152 1692 3198 se
1704 3140 1786 3218 ipsis,

140 3232 164 3280 ιι
177 3222 230 3278 tite
243 3231 298 3277 mut
319 3221 527 3287 intestinum,
542 3231 566 3276 et
579 3221 624 3276 luu
644 3221 673 3276 tn
687 3220 793 3276 tenebris
814 3222 898 3289 tutet,
913 3231 939 3277 et
990 3221 1053 3292 quia
1067 3229 1095 3278 et
1108 3221 1158 3294 ipsi
1173 3225 1295 3283 ltomines
1309 3236 1391 3296 sunt,
1408 3231 1650 3302 etperhumanum
1672 3249 1788 3292 conuer-

141 3319 250 3374 tmere
265 3331 385 3373 mune
398 3315 652 3388 componendorum.
667 3313 730 3370 Fuit
748 3315 824 3371 inmo
844 3316 938 3372 mittut
989 3313 1121 3371 sationem
1138 3317 1271 3389 cognitam
1291 3327 1383 3377 tenent
1398 3331 1446 3378 :ut
1456 3325 1558 3394 possint
1579 3325 1696 3398 cogitare
1716 3327 1788 3400 quod

141 3407 294 3476 oDso,eui
314 3423 407 3464 ttontet
419 3417 476 3463 erut
492 3406 630 3463 Jouneee:
644 3405 765 3463 metu
782 3407 810 3462 bt
824 3410 938 3463 testimo·
989 3405 1106 3476 dicltur,
1124 3405 1187 3463 Fuit
1212 3411 1287 3466 bento
1309 3413 1351 3467 cut'
1365 3415 1745 3490 nomencratloonneesquia
1760 3429 1789 3476 et
1860 3475 1866 3492 ,

142 3503 232 3568 ιιια,
252 3510 279 3556 st
290 3501 461 3556 tarbuoruum
476 3497 616 3571 putitmt
635 3499 668 3554 ate
679 3499 791 3567 luerim,
811 3509 840 3554 ut
852 3515 939 3556 omues
989 3499 1097 3555 nomirm
1109 3499 1197 3557 sciunt
1210 3501 1343 3574 loquendo
1356 3491 1383 3560 et
1396 3505 1541 3566 audiendo.
1555 3509 1631 3580 Quod
1644 3519 1735 3568 nutem
1748 3509 1786 3568 ibi

142 3596 273 3651 ereum
289 3595 430 3666 perillum.
445 3593 505 3647 Noe
519 3601 573 3648 eret
585 3592 631 3648 ille
651 3592 712 3661 luc,
727 3591 772 3648 ted
786 3601 816 3647 ut
827 3593 939 3649 testimo-
989 3597 1031 3648 est
1042 3631 1050 3660 ,
1061 3589 1155 3646 mittut
1167 3607 1182 3647 u
1196 3591 1268 3660 Deo,·
1283 3592 1334 3650 lide
1350 3602 1441 3651 tenent
1455 3595 1501 3668 qul
1511 3607 1621 3660 tenent:
1637 3603 1721 3676 etqui
1733 3601 1786 3660 ilde

143 3687 215 3742 m
232 3686 372 3758 permeet
384 3687 417 3741 uu
430 3685 534 3743 lumine.
550 3683 616 3739 litut
632 3685 678 3740 luc
689 3699 750 3740 ouo
770 3701 829 3757 quer
841 3684 939 3741 ilberti
989 3695 1045 3736 non
1067 3691 1179 3751 tenent,
1200 3691 1246 3739 eut
1261 3683 1427 3744 dubitatione
1441 3689 1597 3762 ambigunt,
1611 3701 1657 3748 aut
1670 3693 1787 3751 infideli·

142 3787 188 3834 nat
206 3793 307 3835 meent
319 3779 447 3833 bominem
465 3777 603 3833 uenientem
625 3777 652 3831 in
666 3776 734 3831 butte
755 3777 889 3833 mundum.
904 3775 939 3833 ln
989 3777 1045 3830 tate
1058 3773 1189 3832 derident,
1202 3775 1314 3850 Utrique
1328 3788 1427 3848 tumen,
1443 3782 1466 3836 si
1480 3795 1533 3839 non
1547 3793 1609 3841 sunt
1621 3801 1654 3842 ex
1671 3803 1786 3845 numero

142 3872 240 3928 muodo
252 3876 316 3936 erut,
331 3880 356 3927 et
368 3871 479 3926 mutum
490 3871 627 3942 peripsum
638 3873 721 3943 {uetus
734 3881 780 3937 est,
793 3880 817 3925 et
829 3871 938 3927 mrtndue
989 3865 1070 3922 nlntio
1084 3866 1286 3938 insipientium,
1302 3871 1347 3942 qui
1362 3869 1455 3928 dicunt
1468 3875 1494 3930 in
1507 3876 1589 3934 eorde
1600 3891 1659 3948 suo,
1673 3877 1735 3935 Nou
1749 3891 1786 3937 eet

142 3981 200 4021 um
218 3981 270 4020 nen
282 3965 405 4037 eoprtoelt.
419 3962 659 4036 inpropriouenit,
675 3971 699 4016 et
710 3961 750 4016 nil
762 3977 819 4016 eum
831 3979 883 4017 non
895 3979 937 4017 re.
989 3959 1060 4016 Deus
1073 3959 1158 4034 (Psoi.
1174 3977 1234 4030 xnr,
1251 3961 1289 4036 l),
1305 3961 1362 4020 buc
1374 3965 1513 4024 utrdlentcs
1530 3971 1630 4042 verba,
1645 3983 1788 4046 utrumque

143 4065 274 4129 “W'-
300 4055 429 4126 Qumqunt
448 4062 532 4108 eutem
555 4063 703 4125 receperent
722 4069 796 4119 eum,
810 4054 880 4109 dedit
902 4055 939 4110 eir
989 4051 1117 4122 cogitant,
1133 4053 1237 4124 etquid
1251 4054 1383 4126 sitllens,
1398 4058 1500 4128 etquid
1516 4060 1550 4116 sit
1562 4061 1657 4119 ntittia
1671 4063 1745 4134 Deo;
1759 4071 1788 4124 ei

144 4158 292 4220 mmm
316 4149 384 4220 ppo,
405 4147 455 4202 mi
469 4149 542 4219 fieri,
557 4147 589 4202 tie
609 4149 653 4220 qui
675 4147 780 4203 crudum
797 4147 939 4203 intromitte
989 4145 1012 4200 sl
1025 4159 1079 4200 non
1094 4145 1162 4201 sicut
1175 4161 1219 4201 res
1232 4161 1262 4202 se
1274 4146 1392 4215 babent,
1407 4159 1434 4204 ut
1447 4159 1519 4208 certe
1532 4153 1601 4211 sieut
1613 4155 1712 4213 ta'lent.

143 4243 200 4307 elur
213 4242 281 4314 :qui
292 4257 344 4296 nort
364 4257 398 4297 ee
408 4239 588 4313 sanguinibus,
604 4255 684 4313 neque
695 4255 728 4295 eu
739 4239 868 4295 uoluntate
879 4255 937 4293 cur-
1026 4237 1053 4292 ll.
1065 4236 1158 4294 Fidem
1174 4251 1253 4308 porro
1264 4239 1348 4311 ipsum
1361 4256 1440 4312 quam
1455 4243 1527 4302 ridet
1538 4246 1650 4320 quisque
1663 4248 1688 4305 in
1704 4249 1786 4308 corde

142 4339 200 4408 niu,
220 4351 301 4409 neque
320 4351 353 4391 ee
371 4333 499 4390 uoluntate
516 4334 579 4401 oiri,
601 4332 646 4388 seu
669 4349 701 4388 es
720 4331 777 4388 lieo
794 4333 847 4387 trott'
868 4340 936 4387 eunt.
989 4343 1039 4385 suo
1058 4343 1135 4397 esse,
1151 4327 1174 4385 si
1194 4332 1294 4400 eredit,
1318 4335 1360 4390 vel
1381 4349 1434 4392 non
1461 4353 1538 4407 esse,
1554 4341 1576 4396 si
1603 4356 1656 4398 non
1680 4344 1784 4418 credit,

143 4431 178 4486 lit
191 4429 294 4485 mium
314 4443 375 4482 cero
398 4428 493 4500 fucum
507 4433 560 4493 est,
573 4433 598 4480 et
616 4423 738 4480 iubbuut
755 4426 782 4480 in
805 4425 887 4480 nour.
904 4423 939 4479 Et
989 4419 1068 4476 aliter
1081 4421 1205 4477 norimus
1219 4441 1227 4479 ε
1243 4438 1295 4479 non
1309 4425 1377 4482 sicut
1389 4441 1501 4499 corporo
1517 4445 1577 4502 quie
1587 4431 1709 4492 uidemus
1721 4451 1787 4494 ocu·

142 4523 253 4578 eiditnue
263 4521 371 4593 glorium
385 4521 451 4591 ejus,
464 4517 572 4591 glorium
583 4518 655 4590 quusi
670 4515 827 4589 Unigenltlu
840 4515 937 4585 Putre,
989 4511 1023 4568 lle
1033 4513 1170 4583 corporeis
1181 4556 1187 4580 ,
1200 4524 1228 4570 et
1242 4530 1289 4586 per
1304 4517 1422 4588 ipsorum
1434 4521 1562 4594 lmeglnes
1574 4539 1640 4597 quus
1656 4531 1786 4588 memoris

144 4617 248 4688 plenum
261 4614 352 4688 gretie
370 4622 394 4669 et
404 4612 516 4668 ueritatis
526 4609 615 4685 (loun.
630 4625 655 4677 ι,
669 4610 759 4682 ιιι).
775 4609 831 4666 stoc
851 4617 938 4666 totum
990 4605 1213 4673 tenementum
1227 4607 1346 4666 absentia
1361 4611 1526 4684 cogitamus;
1540 4633 1590 4675 nec
1602 4621 1670 4676 sieut
1682 4634 1714 4678 eu
1725 4638 1785 4695 quae

143 4709 213 4782 qnod
225 4723 259 4764 ex
273 4707 418 4779 Evangelio
437 4705 532 4776 posul,
548 4704 575 4759 ln
587 4700 799 4774 precedentibus
811 4703 867 4759 suis
876 4715 938 4774 par.
989 4713 1043 4754 non
1064 4697 1196 4768 uidimus,
1214 4709 1241 4756 et
1265 4717 1298 4758 ex
1312 4703 1345 4760 lis
1359 4718 1418 4775 qune
1437 4707 1551 4765 vidimus
1565 4713 1725 4784 cogitatione
1740 4722 1784 4772 ut·-

141 4801 214 4856 tibus
235 4799 316 4855 babet
333 4796 404 4869 quod
424 4794 590 4852 immutabile
609 4808 641 4850 uc
663 4793 856 4865 sempiternum
875 4801 936 4863 est,
989 4801 1104 4862 cumque
1116 4789 1277 4862 formamus,
1292 4802 1320 4851 et
1334 4798 1470 4855 memorie
1483 4801 1718 4874 commendamus,
1730 4821 1785 4878 quo

142 4894 219 4964 cuius
232 4891 421 4962 contemplatio
440 4887 593 4944 nosbeutos
607 4885 689 4942 lucit:
703 4885 730 4940 in
749 4886 939 4959 consequentis
989 4897 1158 4941 recurramus
1177 4899 1238 4943 cum
1252 4887 1431 4960 polluerimus,
1451 4900 1480 4948 ut
1502 4891 1555 4949 illic
1568 4909 1616 4964 et,
1629 4895 1672 4953 rel
1694 4899 1783 4972 potius

141 4983 193 5040 bus
207 4997 273 5040 tero
286 4983 417 5054 permixte
428 4993 491 5037 curn
512 4977 706 5049 temporalibus
719 4991 937 5033 commemoran·
989 4977 1195 5047 qualescumque
1217 4979 1344 5052 imagines
1359 4995 1452 5038 eorum
1475 4998 1541 5054 quus
1554 4983 1591 5041 ibi
1604 4984 1729 5058 finimur,
1742 4989 1783 5046 sl·

65 5121 73 5134 ,
142 5085 188 5132 tur
209 5075 375 5148 celeremue
392 5072 507 5146 perboc
521 5071 611 5142 allquu
625 5069 661 5125 ibi
674 5069 708 5124 ad
721 5069 861 5125 scientium
874 5083 937 5140 per·
988 5069 1087 5126 militer
1109 5071 1294 5150 recordatione
1316 5089 1535 5144 cernamu83nec
1555 5077 1622 5134 slcut
1645 5079 1783 5139 bominem

145 5168 250 5235 tinent,
265 5167 352 5239 aliqum
376 5165 410 5220 ad
432 5164 607 5235 sapientium,
622 5161 691 5217 sicut
709 5161 737 5217 ln
751 5161 820 5217 libro
833 5159 936 5218 uuoue-
988 5159 1091 5230 utun,
1106 5161 1182 5232 cujus
1193 5165 1307 5219 unimam
1318 5165 1421 5222 etiamsi
1433 5181 1484 5222 non
1499 5166 1631 5240 uidemus,
1643 5185 1678 5228 ex
1690 5181 1783 5233 nostru

143 5262 315 5318 cimonostra
339 5259 473 5331 precessit
495 5255 640 5313 distinctio.
662 5251 790 5321 llam,lu
812 5254 938 5326 ρήηοιρὶο
989 5253 1162 5324 conjicimus,
1177 5255 1378 5313 etermotibus
1392 5259 1576 5330 corporalibus
1590 5261 1726 5321 bominem
1740 5265 1782 5323 ri·
1809 5283 1813 5290 ·

144 5363 197 5408 erm
222 5353 386 5418 intumet
404 5349 512 5406 iniunt
527 5357 582 5405 cut
603 5347 674 5419 opud
696 5346 799 5413 Deunt,
824 5355 848 5401 et
867 5346 938 5403 Deus
988 5345 1719 5418 rum,eicntridendo¹didicimus,intuemuretlam
1736 5373 1784 5417 co·

144 5455 197 5502 erm
212 5444 323 5503 tetum
336 5461 346 5500 .·
357 5447 406 5500 boe
416 5445 504 5500 notin
518 5439 828 5516 perquirendorum.
844 5440 938 5497 omnia
988 5434 1107 5507 gltondo.
1128 5435 1185 5491 Non
1205 5436 1245 5492 sic
1259 5438 1364 5496 videtur
1379 5439 1444 5498 lidos
1463 5442 1490 5498 in
1504 5447 1595 5516 corde,
1610 5448 1638 5504 in
1651 5465 1704 5522 quo
1718 5457 1780 5521 est,
1798 5435 1807 5456 ’

146 5555 188 5610 tm
211 5540 296 5612 uppem
321 5541 389 5609 saeta
412 5545 489 5606 sunt,
505 5544 530 5592 et
549 5535 669 5605 urreiprn
691 5538 788 5606 sectum
802 5543 838 5590 est
852 5536 936 5590 uiuit.-
988 5528 1022 5585 ab
1036 5527 1154 5598 coeujus
1171 5537 1213 5584 est
1228 5547 1234 5586 ι
1249 5531 1296 5586 sed
1315 5547 1374 5588 eam
1388 5541 1460 5591 tenet
1479 5539 1626 5597 certissime
1649 5541 1759 5599 scientia
1774 5543 1804 5613 ,¹

144 5633 376 5705 quodpertorium
397 5630 556 5700 inipsoeltu
576 5636 639 5695 met,
654 5628 740 5682 eruite
753 5635 808 5681 erut
822 5627 868 5684 lue
890 5629 936 5683 lte.
988 5622 1137 5692 clurnntque
1159 5624 1332 5681 conscientie.
1353 5626 1421 5684 Cum
1445 5627 1535 5702 ltaque
1559 5642 1698 5706 propterea
1719 5651 1781 5694 cre·

146 5722 242 5780 ninum
254 5766 262 5793 ,
274 5731 300 5778 et
313 5723 395 5777 luein
416 5721 522 5776 tentius
544 5721 627 5788 lueet,
641 5727 664 5774 et
679 5717 788 5775 tenebre
809 5735 865 5774 enm
885 5737 936 5776 nen
988 5711 1052 5768 dere
1072 5713 1222 5782 jnbeumur,
1238 5717 1298 5788 quin
1325 5717 1352 5776 id
1371 5721 1442 5793 quod
1459 5725 1570 5782 credere
1590 5725 1727 5801 jubemur,
1740 5731 1782 5789 ri·

21 5824 31 5838 ι
146 5815 405 5892 mmmmm
419 5813 651 5887 ennunplatimu
671 5813 753 5871 ultam
770 5814 895 5886 requirit,
909 5826 937 5873 et
1020 5825 1199 5894 ²rluresues,
1211 5831 1319 5888 uteouo.
