4034 6334
83 307 120 370 ῃ
352 293 355 296 ·
571 321 695 362 r·-
803 299 1025 365 strennuus.
1698 330 1738 392 ῃ

88 427 132 482 nee
153 420 222 496 pred
241 421 335 480 dicunt
355 426 462 510 Patren
472 438 523 482 nnn
536 407 719 496 esre'pnrrnn,
741 421 887 480 lloetianos
941 417 992 478 bus
1006 423 1152 493 quamlioet
1174 427 1298 487 maximis
1319 431 1461 504 linierunt,
1483 449 1571 510 ipsum
1590 439 1672 496 etiam
1687 455 1737 511 po·

89 519 138 574 boe
150 516 243 573 dicere
258 514 376 589 intelligi
391 516 482 585 voluit,
496 516 613 588 quiseos
634 515 661 570 in
680 514 732 571 bac
755 512 887 582 ambigui·
940 523 1041 572 strcmo
1051 517 1186 576 diabolum
1196 527 1467 599 etgueangclost'us,
1479 532 1737 604 qnarnrispostlnn·

90 621 142 670 tate
157 611 315 666 discernet?
330 609 521 682 Veiquomudo
534 616 644 682 possunt
657 607 766 678 intelligi
777 605 889 678 quilibet
939 607 1048 677 blisslffli
1064 620 1198 683 ¹0¹¹¹i⁰i²s
1223 626 1348 687 illidii&
1359 627 1440 690 atque
1451 621 1577 678 Ιῑῧθηῑθθ
1589 638 1672 695 ῐθῢῦθ
1686 623 1735 683 Μ

91 718 182 762 eorum
196 702 306 758 Patrem
323 717 433 773 passum
448 701 530 758 luisse
542 717 597 758 nou
610 699 710 767 dicere,
724 713 786 756 cum
799 698 888 754 dicant
940 695 1047 768 lucique
1059 703 1178 771 restitui,
1197 714 1226 762 et
1247 723 1343 765 rursus
1357 717 1418 780 post
1441 711 1596 784 longissima
1614 725 1735 788 tempora

90 796 215 854 eumdem
229 795 320 868 ipsum
335 809 397 852 esse
409 803 436 852 et
453 795 558 851 Patrem
572 801 600 850 et
608 792 705 850 Filium
719 798 745 848 et
759 790 888 862 Spiritum
940 792 1087 862 omnesqui
1101 793 1205 852 liberati
1217 808 1290 866 sunt,
1299 801 1333 856 ad
1344 800 1403 858 bec
1411 803 1481 860 mala
1493 805 1583 862 denuo
1601 809 1684 865 relabi
1708 818 1736 868 et

74 862 231 957 functum!
255 887 392 944 Pbilaster
405 895 492 944 autem
513 885 654 944 licinianus
680 885 838 956 episcopus,
861 882 888 939 in
941 882 1057 951 reverti3
1070 893 1098 940 et
1108 883 1156 940 bas
1165 886 1236 944 vices
1244 889 1408 950 alternantes
1417 894 1609 953 beatitudinum
1618 900 1736 958 etmise·

90 979 274 1056 prolixissimo
301 980 371 1036 libro
393 976 520 1052 quondo
533 977 681 1036 haeresibus
701 975 836 1043 condidit,
860 981 889 1032 et
939 970 1040 1029 riarum
1062 976 1200 1034 adunatis
1224 989 1353 1039 creature
1370 998 1477 1056 semper
1501 987 1600 1059 luisse,
1627 1005 1735 1064 semper

90 1081 196 1130 eentum
206 1070 318 1144 ¹sigiuti
329 1081 392 1128 octo
402 1070 519 1128 hereses
528 1069 720 1128 arbitratusest
731 1074 889 1136 oumpuiun·
940 1065 1019 1122 lore?
1033 1067 1072 1123 lis
1091 1084 1143 1140 qua
1155 1073 1299 1130 carrissime
1313 1076 1448 1146 impietate
1461 1080 1590 1138 adversus
1613 1084 1735 1154 pbiloso-

91 1165 154 1230 das,
169 1163 340 1220 Sabellianos
359 1163 487 1220 continuo
507 1169 568 1234 post
592 1160 737 1219 Noetianos
759 1173 885 1232 ponem:
940 1159 1020 1230 pbos,
1034 1163 1156 1233 aquibus
1170 1165 1219 1221 iste
1230 1165 1323 1224 didicit
1334 1167 1472 1240 origenes,
1487 1174 1513 1228 in
1529 1174 1647 1234 librisde
1660 1177 1734 1234 ciri·

90 1255 235 1320 sabellius,
249 1254 347 1327 inquit,
360 1255 500 1327 discipulus
509 1256 581 1326 ejus,
593 1255 636 1326 ptri
647 1253 836 1310 similitudinem
848 1251 888 1308 rui
940 1257 994 1306 ure
1005 1251 1052 1308 oet
1064 1252 1266 1325 diligentissime
1278 1257 1410 1331 disputari
1424 1263 1433 1294 ¹
1448 1261 1494 1332 (ln
1510 1263 1573 1321 libro
1585 1265 1643 1338 at).

90 1347 297 1404 mmonritideru
307 1355 407 1404 matus
418 1345 888 1416 cst,undeetSobellinniponeernnt
940 1364 943 1370 ·
976 1341 1068 1398 xbtt.
1083 1345 1211 1404 Pacuium
1233 1363 1248 1404 a
1270 1349 1354 1406 Paulo
1380 1351 1571 1423 Samosatcno,
1597 1358 1734 1417 Christum

90 1441 223 1512 sppelteti,
238 1418 283 1511 ⁴qni
294 1449 319 1496 et
329 1438 528 1511 Petripearieni,
548 1449 572 1494 et
590 1438 722 1496 Praeconi
734 1455 751 1494 a
765 1436 887 1504 Preces,
940 1448 995 1490 non
1009 1450 1118 1508 semper
1132 1437 1213 1494 luisse
1234 1441 1343 1508 dicuut;
1358 1444 1406 1500 sed
1420 1445 1479 1516 ejus
1501 1447 1623 1518 initium,
1634 1469 1667 1508 ex
1680 1469 1735 1524 quo

90 1543 113 1588 et
134 1531 336 1603 llermogcsioni
355 1531 387 1586 cb
411 1529 583 1602 Hermogene,
598 1529 641 1600 pai
656 1529 757 1600 sonunt
774 1529 803 1583 in
819 1527 889 1598 Atii-
940 1525 974 1583 de
996 1525 1079 1582 blaria
1101 1539 1256 1598 natusest,
1285 1545 1461 1591 asseverant:
1478 1552 1528 1594 nec
1549 1554 1610 1596 eum
1634 1542 1735 1616 aliquid

90 1641 130 1693 es,
144 1624 189 1694 qni
208 1625 282 1680 etita
293 1622 426 1678 sentientes
441 1623 533 1692 abjecti
550 1629 609 1677 aunt
622 1621 653 1674 ab
667 1619 782 1676 Ecclesia
796 1621 886 1675 cotio·
940 1621 1055 1692 emplius
1077 1637 1159 1694 quam
1185 1624 1321 1683 bominem
1347 1638 1451 1699 putant.
1476 1629 1530 1686 lsta
1553 1631 1664 1690 heresis
1687 1635 1736 1693 uli·

93 1717 155 1772 lice.
168 1714 309 1770 &neten
328 1713 439 1770 eosdem
459 1720 552 1783 postea
574 1709 821 1770 Sabellianosdisit
841 1723 889 1780 ap-
940 1713 1197 1787 quandocojusdaut
1211 1720 1366 1777 Artemonis
1380 1724 1391 1755 ¹
1405 1723 1473 1778 luit:
1489 1725 1607 1781 sedcum
1620 1727 1735 1784 delecis-

90 1809 215 1880 pellatus,
230 1807 277 1878 qui
287 1821 320 1864 ea
332 1821 393 1879 que
415 1806 515 1864 Noetus
537 1805 705 1873 sentiebant;
728 1804 820 1862 etalio
840 1817 889 1858 uo·
940 1815 998 1874 set,
1012 1806 1159 1864 instaurata
1174 1817 1244 1866 csta
1270 1810 1372 1880 Paulo,
1387 1822 1415 1869 ct
1427 1823 1519 1885 postea
1541 1818 1581 1873 sie
1592 1833 1608 1874 a
1621 1818 1736 1889 Pbotiuo

67 1901 162 1960 cmina
191 1901 319 1972 eiusdem
347 1907 429 1958 sectas
456 1900 677 1957 commemoravit
704 1916 711 1955 :
738 1905 765 1954 et
799 1905 888 1954 tamen
940 1895 1114 1966 conlirmata,
1131 1907 1161 1955 ut
1181 1899 1333 1958 photiniani
1358 1919 1437 1975 quam
1457 1905 1579 1963 Pauliani
1602 1909 1736 1967 celebrius

89 1979 235 2058 lloetianos
244 1998 447 2057 etSabellianos
456 1999 507 2057 sub
516 1999 623 2057 duobus
635 1998 753 2055 numeris
763 2007 887 2068 tanquam
941 1999 1140 2060 bunebbesslui·
1167 1989 1235 2048 ¹⁵l⁰⁸
1249 2009 1315 2050 ΜΘ
1330 1995 1472 2054 P³fl¹i²¹¹⁰³
1485 1999 1659 2068 libilimdffl
1672 2015 1735 2058 0⁵⁸0

90 2091 154 2148 dm
166 2091 289 2148 hames
300 2090 410 2162 'mum
425 2106 478 2163 qu,
498 2105 596 2158 m,
610 2089 786 2162 ppaevpggrg,
941 2079 967 2134 in
990 2079 1111 2136 Ecclesia
1133 2081 1264 2139 catbolicu
1284 2085 1397 2146 llicceno
1419 2089 1535 2144 concilio
1562 2090 1735 2147 constitutum

22 4955 28 4966 ·
97 4943 129 4986 les

123 2182 205 2240 xutt.
221 2181 381 2242 Ouronnnru
406 2197 423 2238 a
444 2182 559 2254 quodam
581 2181 696 2254 Origene
716 2181 780 2237 dicti
805 2189 887 2250 sunt;

90 2289 142 2332 non
157 2273 205 2331 illo
219 2275 268 2345 qui
280 2273 338 2331 lere
349 2274 474 2332 omnibns
487 2284 566 2330 notus
587 2282 642 2342 est,
663 2273 710 2330 sed
723 2273 757 2331 ab
768 2275 820 2330 alio
844 2289 889 2330 ne·

90 2366 232 2438 moeno,
260 2364 362 2436 dequo
375 2364 418 2422 rel
444 2363 620 2422 sectatoribus
642 2365 702 2436 eins
724 2365 889 2436 Epiphanius

90 2457 202 2528 loqnem
213 2473 222 2510 :
235 2454 396 2528 Oriperrioni,
412 2456 508 2527 inquit,
522 2456 656 2528 cujusdem
670 2457 787 2528 origenis
799 2459 821 2524 ¹;
835 2467 890 2512 ter-

92 2549 127 2619 pis
136 2557 225 2604 natent
236 2557 299 2604 eunt
313 2547 480 2620 operationis,
490 2543 532 2603 itti
542 2557 600 2603 sunt
613 2544 724 2620 nefande
736 2548 855 2618 sedente
865 2546 886 2614 ¹,

95 2659 140 2708 cre
152 2657 264 2713 cerpme
277 2640 433 2710 corruptioni
446 2639 571 2696 trudentes
585 2638 634 2712 (a).
645 2639 720 2696 sitos
729 2647 817 2696 autem
829 2639 890 2696 Ori·

95 2737 221 2807 gmiarroe
232 2735 362 2790 continuo
373 2733 536 2810 subjiciens:

123 2827 407 2891 bullionensium,
424 2827 532 2897 inquit,
549 2827 613 2894 olii,
636 2827 680 2897 pai
698 2833 722 2882 et
742 2825 890 2882 edomandi

94 2921 245 2987 mutatorio,
258 2919 304 2990 qni
317 2929 342 2974 ct
355 2927 512 2973 mortuorunt
521 2919 730 2974 resurrectionem
743 2919 888 2988 repellunt,-

94 3013 218 3067 dlristsnt
235 3019 481 3065 munimentorum
494 3020 518 3065 et
533 3010 659 3082 Spiritum
681 3020 794 3066 sunctum
807 3011 889 3066 intro·

93 3103 207 3160 ducentes
219 3119 228 3157 ;
242 3101 394 3170 porndisurn
407 3112 491 3156 entem
505 3111 529 3156 ct
538 3103 645 3158 celent
659 3103 712 3158 elin
726 3103 813 3158 ontnio
824 3104 887 3158 alle·

93 3197 231 3269 gerimus
245 3193 276 3250 ⁸.
291 3193 356 3250 llaec
378 3194 485 3264 quidem
508 3193 543 3249 de
564 3193 680 3264 Origene
701 3193 888 3265 Epiphanius:

93 3281 137 3337 sed
150 3281 195 3352 qui
210 3295 275 3336 euru
287 3278 452 3346 delendum,
477 3277 556 3334 nnius
570 3278 743 3349 ejusdemque
764 3279 889 3334 substan-

94 3377 133 3432 tie
144 3391 206 3432 esse
220 3415 228 3442 ,
241 3375 351 3441 dicunt,
364 3374 505 3439 docuisse,
520 3373 626 3428 Patrem
639 3382 667 3428 et
680 3372 777 3428 Filium
790 3383 818 3430 et
830 3373 891 3444 Spi-

93 3469 168 3523 ritum
181 3476 328 3534 sauctum3
344 3481 431 3536 nenne
441 3466 665 3523 resurrectionem
675 3467 805 3538 repulisse
816 3483 890 3522 mor-

94 3567 197 3614 tuorum
207 3576 216 3614 ι
227 3557 353 3629 quamvis
362 3568 391 3614 ct
403 3557 430 3612 in
444 3557 504 3613 istis
513 3572 576 3614 eum
585 3561 745 3615 convincere
754 3559 889 3629 studeam,

93 3650 134 3720 gni
146 3651 208 3721 ejus
222 3651 299 3720 plura
322 3650 456 3720 legerunt.
468 3649 522 3706 Sed
536 3657 600 3706 sunt
611 3650 691 3722 bujus
704 3649 827 3724 origenis
837 3653 889 3708 aliu

93 3743 213 3815 dogmata
226 3743 237 3774 ¹
253 3781 262 3810 ,
276 3757 338 3812 qum
351 3741 483 3798 catboiica
496 3741 616 3798 Ecclesia
629 3742 738 3798 omnino
757 3759 810 3800 non
823 3745 892 3800 rcci-

94 3835 148 3906 pit‚
162 3836 189 3890 in
203 3835 304 3906 quibus
319 3848 371 3890 nec
383 3835 469 3904 ipsum
482 3833 550 3890 lalso
563 3836 665 3907 arguit,
681 3851 732 3892 nec
752 3845 842 3909 potest
856 3839 891 3896 ab

96 3930 147 3996 rjus
161 3929 351 3984 delensuribus
375 3926 430 3982 lulli
442 3928 454 3961 ⁸
468 3945 476 3982 r
491 3929 607 3984 maxime
628 3928 663 3984 de
684 3929 842 4000 purgatione
864 3939 893 3987 et

96 4017 263 4086 liberatione,
277 4034 309 4075 ac
324 4033 419 4075 rursus
434 4029 493 4090 post
506 4020 616 4092 longum
631 4027 735 4092 tempus
746 4021 780 4076 od
796 4021 891 4079 endem

96 4112 161 4166 mala
173 4111 346 4168 resolutione
358 4111 496 4167 rationalis
517 4112 650 4167 universe
663 4121 805 4171 creature.
826 4113 893 4187 Quis

95 4205 162 4257 mim
191 4201 518 4259 catboiicuscbristianus
530 4203 574 4260 uel
588 4203 683 4264 doctus
706 4205 749 4265 rel
769 4208 892 4266 indoctus

94 4310 145 4351 non
158 4295 339 4352 uehementer
351 4293 496 4354 exhorreat
506 4310 567 4355 enm
580 4313 660 4371 guam
672 4299 739 4357 dicit
754 4304 891 4374 purgatio-

95 4404 153 4446 nem
166 4389 319 4461 melorum,
341 4388 436 4460 idest,
457 4394 539 4450 etiam
562 4409 609 4452 eos
626 4397 672 4466 qut
686 4395 756 4452 bane
769 4398 849 4453 sitam
865 4399 892 4454 in

94 4482 199 4560 mgitiis
210 4497 241 4545 et
255 4487 420 4544 laciuoribus
434 4495 462 4544 et
477 4487 628 4561 sacrilegiis
642 4499 722 4560 utque
744 4490 892 4563 impietati-

939 2179 993 2228 est.
1021 2172 1096 2228 Unde
1108 2174 1273 2232 credendum
1287 2185 1398 2234 est-eos
1416 2179 1537 2249 regrrlam
1564 2179 1736 2252 baptismatis

939 2279 993 2322 non
1009 2272 1112 2336 tenere,
1126 2283 1206 2338 guam
1220 2283 1311 2326 secum
1323 2271 1401 2326 multi
1416 2271 1536 2328 herenei
1559 2288 1620 2328 cum
1635 2274 1669 2330 de
1682 2273 1735 2330 Ca·

939 2356 1041 2412 tbolica
1053 2357 1224 2416 discederent
1235 2360 1421 2428 abstulerunt,
1448 2378 1561 2437 mmque
1572 2365 1734 2422 custodiunt.

976 2447 1059 2504 xbt.
1071 2448 1209 2506 Pnormus
1233 2451 1268 2506 ab
1293 2452 1441 2524 Epiphanio
1456 2469 1509 2510 non
1531 2456 1660 2512 continuo
1675 2463 1737 2528 pest

940 2539 1052 2597 Paulum
1074 2542 1131 2598 sire
1144 2557 1205 2598 cum
1229 2542 1328 2610 Paulo,
1355 2545 1403 2600 sed
1423 2545 1483 2600 aliis
1497 2546 1662 2616 interpositis
1684 2563 1736 2619 po·

939 2631 1022 2688 nitur.
1036 2630 1093 2686 lion
1123 2641 1228 2688 tacetur
1243 2646 1308 2689 sane
1339 2632 1434 2690 similia
1459 2635 1624 2692 credidisse:
1639 2651 1736 2694 secum
1786 2663 1789 2670 ·

940 2721 1003 2778 dum
1018 2722 1120 2793 aliquid
1132 2731 1223 2779 tamen
1236 2723 1392 2782 adversatus
1406 2725 1433 2782 ei
1458 2725 1569 2793 dicisum
1596 2727 1644 2783 sed
1668 2727 1733 2799 quid

939 2814 975 2870 sit
988 2815 1074 2885 ipsum
1087 2815 1204 2885 aliquid,
1228 2816 1339 2871 omuino
1351 2831 1403 2871 non
1414 2817 1521 2873 dicitur.
1541 2817 1674 2874 Pbilnster
1685 2833 1738 2874 au-

941 2911 994 2962 tem
1010 2905 1185 2962 continuatim
1199 2907 1273 2977 ponit
1287 2909 1381 2964 ambos
1393 2909 1444 2964 sub
1453 2909 1568 2980 singulis
1581 2919 1609 2965 et
1621 2909 1737 2981 propriis

941 2999 1076 3064 numeris,
1090 2998 1166 3069 quasi
1187 2998 1303 3055 bureses
1316 3001 1399 3067 duas,
1426 3016 1486 3056 cum
1501 3002 1572 3057 dicat
1594 3001 1736 3058 Pltotinum

941 3091 968 3146 in
980 3091 1105 3146 omnibus
1116 3090 1191 3146 Pauli
1204 3103 1326 3146 mutum
1342 3091 1424 3148 luisse
1438 3093 1597 3148 doctrinam.

976 3182 1069 3238 xbvt.
1082 3182 1221 3240 broccum
1234 3199 1250 3239 a
1263 3186 1379 3256 quodam
1401 3186 1484 3242 Persa
1499 3187 1676 3256 exstiterunt,
1690 3187 1736 3259 qui

940 3279 1106 3332 vocabuntur
1120 3277 1230 3332 ttarrec:
1250 3279 1372 3349 quantivis
1383 3288 1412 3334 et
1432 3282 1538 3350 ipsum,
1553 3296 1615 3336 cum
1627 3284 1687 3352 ejus
1699 3283 1738 3337 in·

941 3383 1005 3426 sana
1020 3370 1140 3426 doctrina
1153 3370 1280 3442 coepisset
1301 3373 1329 3426 in
1347 3372 1449 3428 Graecia
1467 3373 1626 3444 praedicuri,
1650 3373 1736 3429 llarn·

941 3464 1046 3521 ebreum
1072 3464 1196 3535 discipuli
1222 3464 1281 3536 ejus
1306 3465 1440 3536 appellare
1464 3469 1633 3537 maluerunt,
1660 3467 1738 3524 deri·

942 3561 1029 3610 tentes
1050 3567 1148 3610 nomeu
1173 3554 1295 3610 insanie.
1318 3555 1395 3611 Unde
1416 3555 1525 3626 quidam
1547 3571 1639 3612 corum
1659 3558 1736 3628 quasi

942 3646 1093 3714 doctiores,
1113 3654 1142 3702 et
1163 3661 1197 3702 co
1219 3648 1277 3718 ipso
1291 3647 1490 3716 mendaciores,
1512 3650 1646 3719 geminata
1660 3664 1678 3703 n
1691 3650 1737 3705 lit-

943 3745 1016 3804 tera,
1044 3737 1239 3800 blannicbasum
1259 3747 1373 3804 cocant,
1402 3739 1478 3809 quasi
1501 3752 1598 3793 manna
1620 3737 1738 3798 lunden·

942 3839 997 3888 tem
1021 3829 1045 3884 ⁸.
1068 3828 1121 3884 lete
1144 3827 1198 3884 duo
1216 3829 1346 3902 principia
1365 3830 1435 3890 iuter
1455 3844 1486 3890 so
1509 3830 1616 3890 diuersa
1636 3841 1664 3891 et
1688 3833 1738 3891 ad-

944 3935 1033 3988 sersa,
1047 3921 1194 3996 eodemque
1206 3928 1307 3979 eterna
1317 3926 1344 3978 et
1357 3930 1501 3991 coeterna,
1515 3923 1567 3979 boc
1579 3933 1620 3980 est
1631 3940 1739 3996 semper

943 4015 1046 4087 tuisse,
1073 4019 1224 4090 composuit
1248 4034 1256 4073 τ
1282 4016 1402 4088 duasque
1436 4024 1545 4073 naturas
1571 4026 1650 4090 utque
1674 4019 1738 4075 sub-

943 4112 1072 4180 stantias,
1096 4111 1159 4166 boni
1173 4109 1274 4167 scilicet
1296 4117 1325 4165 et
1336 4108 1418 4175 mali,
1442 4123 1559 4180 sequens
1578 4110 1647 4166 alios
1667 4111 1739 4165 anti·

945 4203 1180 4275 quosbereticos,
1205 4202 1329 4273 opinatus
1354 4212 1406 4257 est.
1425 4201 1544 4269 Quorum
1559 4201 1630 4258 inter
1641 4217 1672 4258 se
1689 4218 1740 4274 pu·

943 4309 1025 4366 guam
1034 4302 1062 4351 et
1075 4294 1303 4360 commistionem,
1317 4302 1345 4348 ct
1354 4293 1416 4348 boni
1427 4293 1522 4348 amalo
1537 4295 1737 4366 purgationem,

944 4393 972 4442 et
986 4385 1051 4440 boni
1060 4384 1134 4456 prrod
1147 4383 1254 4456 purgari
1267 4398 1320 4438 nen
1333 4384 1447 4454 poterit,
1460 4399 1522 4439 curn
1536 4385 1609 4440 maio
1621 4386 1649 4441 in
1659 4393 1739 4442 :eter-

944 4494 1009 4536 num
1024 4476 1242 4545 damnationem,
1268 4476 1416 4533 secundum
1433 4491 1482 4533 sua
1496 4477 1619 4550 dogmata
1633 4493 1741 4536 asserc-

945 4581 1055 4639 rantes,
1073 4572 1157 4629 mtdta
1169 4571 1339 4639 labulantur,
1362 4587 1424 4644 quae
1437 4579 1531 4627 crrncte
1544 4572 1666 4630 intexere
1679 4573 1741 4630 buic

124 4688 442 4753 ¹uortepro,ctccntnm,l
478 4689 567 4740 endum
579 4695 769 4754 senseriacum.
787 4700 817 4744 n.
900 4699 904 4710 ·
980 4699 989 4706 ·

124 4755 135 4784 ¹
151 4759 208 4802 bor.
222 4763 229 4800 ε
242 4751 356 4816 erigetis
366 4751 461 4817 discipu
475 4751 488 4800 ⁸.
501 4759 561 4811 tor,
573 4752 896 4819 coenomanensium

95 4818 147 4864 mss.
160 4827 259 4865 nenton
270 4827 284 4864 a
295 4827 375 4878 maeoo
387 4821 458 4866 textu
467 4814 599 4888 epiphanii.

127 4878 137 4908 ³
153 4874 435 4940 trimstncnnrrebitin
443 4877 708 4942 [erummcreceesn
717 4879 896 4947 mrltupolerin-

126 4973 225 5060 crrttu,
242 5001 308 5062 «qut
328 5005 354 5050 et
369 4999 500 5053 immonni
515 5003 651 5054 messoris
668 5003 734 5056 ttttus
751 5011 896 5070 secunres,

99 5065 161 5123 «qui
174 5071 201 5112 et
212 5069 363 5112 mortuorum
377 5065 583 5115 resurrectionem
593 5073 686 5128 negant
700 5081 705 5116 :
719 5066 837 5118 cbristum
853 5083 897 5120 an·

963 4773 1243 4890 mmmflnffiragemem
1253 4773 1359 4837 origene
1367 4773 1518 4836 tdanamio,
1526 4773 1572 4826 sed
1584 4774 1669 4826 abalio
1687 4787 1743 4839 pro-

981 4928 990 4960 ¹
1009 4933 1124 4975 veterum
1136 4923 1245 4975 oodicrrm
1261 4925 1405 4975 anctoritate
1419 4926 1569 4976 removimus
1578 4925 1643 4989 quod
1653 4925 1680 4974 iu
1698 4935 1744 4975 err-

949 4991 1014 5042 eusis
1025 4988 1065 5037 bic
1075 4987 1228 5038 addebatur:
1245 4987 1325 5037 euicit
1334 4996 1456 5048 praeterea
1472 4988 1525 5050 ipse
1536 4990 1664 5050 origenes,
1680 4986 1745 5050 quod

954 5068 965 5100 ι
977 5051 1049 5100 illius
1061 5051 1104 5098 bei
1115 5049 1205 5099 sanctis
1220 5049 1359 5099 bominibus
1368 5057 1528 5112 comparatus,
1541 5051 1631 5100 ueritas
1639 5049 1683 5109 sit;
1702 5057 1745 5099 Pa-

100 5124 437 5187 ‹temetspiritumsaucttun
443 5127 899 5191 creaturamdicuutparadisnmmutem
954 5115 1008 5164 ‘lli
1024 5109 1137 5185 9⁰¹¹²ffl⁵2
1152 5110 1305 5184 ‘umidum
1323 5125 1342 5185 ².
1352 5119 1379 5162 ⁰²
1393 5119 1509 5172 ‘imum'
1530 5111 1620 5160 dmm
1641 5111 1746 5172 ³¹¹⁰⁸w¹¹

100 5195 145 5236 ,eg
154 5185 376 5239 mamam„
383 5187 486 5238 crepunt
494 5201 550 5238 esse
560 5189 694 5242 secundum
705 5191 899 5254 'mmmmm
954 5173 1268 5245 «cinnomannorum
1283 5181 1353 5224 Patrn
1365 5175 1491 5246 chlenec
1500 5172 1606 5221 orandus
1621 5180 1661 5223 est
1676 5173 1747 5248 tilius

100 5249 268 5313 «allegoria»
286 5255 391 5298 veteres
401 5256 483 5299 autem
494 5249 548 5301 libri
559 5253 666 5314 pressius
677 5254 798 5305 iuberem
808 5270 897 5322 graeeo.
955 5249 1035 5287 ‘⁰⁰⁰¹
1045 5241 1125 5294 mer
1136 5247 1194 5298 ΨΜ
1213 5248 1261 5284 ¹¹⁰⁰
1273 5243 1313 5286 ⁰⁵²
1329 5243 1412 5286 ΝΜ
1430 5233 1633 5297 ¹ffl⁰¹3⁰⁰d³¹¹¹¹¹¹
1648 5245 1746 5298 lenm·

128 5313 139 5343 ¹
156 5311 204 5362 suli
221 5313 291 5370 editi,
304 5308 422 5374 reperiisse
432 5319 580 5363 mmtnorum
592 5325 601 5364 :
612 5313 655 5365 ted
667 5315 707 5388 qui
719 5315 772 5388 ejus
782 5315 854 5380 pluro
865 5319 899 5370 lc-

98 5381 189 5438 perteu,
203 5371 385 5426 snursdictmt.
399 5379 456 5424 smil
465 5380 488 5424 et
499 5371 628 5440 anemius
639 5385 749 5442 ompcnrs
760 5377 881 5444 dogmata.

127 5436 139 5469 ⁸
154 5438 291 5488 stetisset
304 5435 374 5496 editi,
387 5435 418 5485 ob
428 5435 479 5498 ern
490 5436 654 5501 defensoribus
662 5439 785 5492 recreari.

955 5311 1045 5358 enum,
1056 5296 1285 5360 sedsuppttener.»

984 5362 994 5393 ¹
1011 5369 1036 5409 tn
1049 5360 1154 5417 exorsis,
1168 5359 1305 5411 emmoni.
1317 5367 1346 5412 tt
1355 5361 1381 5410 iu
1392 5366 1456 5420 tiss,
1467 5356 1608 5410 murmuris.

985 5423 996 5455 ⁸
1012 5420 1153 5472 sicomniuo
1162 5419 1244 5472 lerunt
1259 5429 1314 5473 ttss.
1325 5429 1354 5472 nt
1365 5420 1433 5479 editi,
1443 5418 1646 5493 coepmsettcunert
1655 5422 1758 5487 prens·

952 5483 1006 5536 cori
1020 5481 1206 5534 :nmmuboc
1221 5484 1321 5535 Urbicus
1333 5483 1405 5545 (imo,
1417 5481 1541 5542 cnbncns,
1560 5499 1590 5534 ex
1608 5485 1746 5548 epiphanio,

129 5540 164 5606 le)
176 5541 324 5606 upipbanius
335 5541 362 5589 in
373 5540 674 5604 t’auariorpudembaeres.
683 5543 714 5592 oo
723 5550 749 5594 et
760 5543 800 5604 bl,
813 5553 900 5608 aperte
953 5547 1014 5598 baer.
1027 5545 1069 5607 66)
1080 5544 1216 5613 meremur.
1233 5547 1279 5596 see
1295 5545 1321 5594 in
1335 5544 1429 5594 Grecis
1444 5543 1560 5615 discipuli
1599 5546 1633 5597 'us
1650 5548 1750 5597 uiterues

101 5603 219 5666 profitetur
231 5606 333 5656 nescire
352 5614 382 5651 se
401 5613 431 5650 au
447 5604 585 5667 origeniani
603 5607 643 5656 isti
656 5613 740 5668 turpes
750 5607 782 5655 ab
792 5610 830 5657 ori

851 5622 900 5660 eus
953 5622 1041 5662 norrun
1050 5607 1160 5667 inanire,
1172 5605 1377 5670 qrrwdoctr'ores,
1387 5613 1410 5657 ct
1420 5619 1510 5680 cotpso
1520 5621 1575 5658 rnen
1609 5606 1693 5668 riores,
1706 5621 1750 5674 ge·

102 5665 229 5721 edomantis
249 5667 312 5719 dicti
329 5664 398 5724 siut,
420 5675 450 5712 au
468 5665 499 5714 ab
516 5665 564 5715 ulio
581 5669 706 5731 origene:
724 5667 770 5718 sed
791 5622 901 5733 proiecto
953 5671 1045 5724 nmmte
1063 5681 1079 5718 n
1095 5668 1184 5726 littere,
1203 5667 1385 5731 nannicnernn,
1407 5683 1478 5729 nnusr
1494 5683 1584 5721 morata
1600 5670 1749 5732 ferdensem,

101 5739 213 5786 mtnaoe

19 5811 21 5878 i
99 5796 282 5867 mimi&

212 5727 355 5798 pbalaeosi,
372 5737 429 5789 qum
448 5726 500 5778 solu
511 5729 566 5780 slue
578 5730 677 5780 Pauario
690 5732 758 5782 veuit
773 5732 799 5780 iu
815 5745 902 5787 manus
953 5748 999 5800 pro
1010 5731 1152 5792 lmdcbmo,
1163 5728 1339 5795 Medium,
1354 5731 1544 5798 appellwtdtt·
1564 5730 1748 5800 lalednoprt’n·

302 5789 424 5852 numque
437 5790 589 5854 (immiteis
607 5793 642 5846 sio
662 5791 721 5853 dicit
739 5795 853 5859 munuc,
874 5804 902 5850 ut
954 5795 1084 5862 cipimetc.
