4034 6334
169 451 171 455 ,
254 378 312 440 Μ’
660 365 799 430 contat
817 359 980 424 Faustuli
997 353 1222 429 hhdlclmtht,
1240 358 1271 420 S.
1289 356 1476 418 eucharist
1839 355 1894 416 280

255 498 354 573 photio
362 496 658 568 lucorcpercuteretur,
668 483 865 546 callidissimam
875 493 906 536 se
914 475 1049 534 invenisse
1100 477 1171 536 rium
1194 488 1236 536 est
1255 479 1282 536 ei
1301 477 1372 551 quod
1389 477 1502 535 dicimus
1526 482 1557 533 ut
1576 472 1716 546 Prophetis
1737 474 1863 532 credatur
1884 491 1891 529 :

255 592 400 650 uolentes
421 597 482 658 est,
498 587 580 646 etiam
600 582 724 640 refellere
745 577 837 650 piget,
852 589 886 630 nc
907 577 1050 646 propterea
1101 569 1186 643 magis
1199 571 1271 627 enim
1284 568 1318 626 ad
1332 569 1385 627 boc
1398 569 1530 640 pertinet,
1545 576 1575 624 ut
1594 567 1735 638 Prophetis
1748 568 1892 638 credatur,

256 693 364 759 putetur
377 681 476 756 aliquid
498 680 614 746 dixisse,
628 675 690 748 quia
710 671 736 730 ei
759 665 915 740 responderi
938 663 1048 735 dignum
1101 663 1256 736 priusquam
1270 671 1380 736 purgata
1399 672 1427 719 et
1444 664 1569 719 roborata
1581 669 1672 719 mente
1685 663 1769 736 possit
1782 663 1895 738 intelligi

254 778 373 834 habitum
382 782 433 832 est.
444 769 587 842 Quisenim
597 763 812 824 dementissimus
821 759 934 826 diceret,
943 753 1049 811 cnemis
1101 754 1146 826 qui
1163 769 1211 824 per
1222 753 1370 826 Prophetas
1382 755 1422 811 sic
1433 753 1600 826 loquebatur.

254 882 314 924 esse
331 865 402 934 idei,
418 864 452 920 de
463 861 569 919 christu
582 858 640 914 aine
652 863 720 914 teste
732 869 786 912 non
800 848 930 909 mederet
944 845 1048 902 Vellem
1108 851 1112 859 '
1137 849 1249 909 CAPUT
1268 849 1372 907 xhvu.
1386 879 1422 893 --
1435 850 1470 905 Ar
1480 848 1551 906 enim
1564 849 1587 905 st
1600 847 1735 905 christum
1749 849 1896 921 propheta.

255 959 321 1016 milri
335 958 377 1014 isti
390 955 600 1028 responderent,
614 949 718 1006 cuinam
732 945 766 1002 de
778 943 885 1001 Christo
898 939 949 1012 ipsi
962 935 1049 994 credi·
1101 944 1213 1013 ierunt,
1230 959 1283 1001 non
1302 944 1383 1016 digne
1396 937 1484 1014 neque
1495 950 1673 1014 congruenter
1685 957 1734 999 sua
1748 942 1897 1014 propheta·

254 1052 356 1110 dissent
372 1069 379 1104 :
396 1039 517 1104 anillam
533 1058 626 1100 uocem
648 1039 682 1097 de
694 1039 763 1096 coelo
775 1035 937 1096 audierunt.
950 1027 1001 1084 Hic
1013 1035 1050 1083 tii
1066 1037 1069 1040 ’
1101 1037 1173 1093 tione
1185 1036 1318 1093 vixerunt.
1331 1034 1409 1092 Unde
1423 1035 1474 1090 boc
1486 1033 1580 1090 scitis?
1592 1033 1633 1090 dn
1648 1033 1713 1105 quid
1727 1033 1762 1091 sit
1772 1035 1814 1090 vel
1824 1035 1896 1092 bene

256 1141 340 1197 Filios
352 1156 421 1196 meus
438 1137 550 1212 (Mutis.
565 1151 605 1202 ιιι,
622 1133 666 1199 17,
682 1145 746 1197 run,
757 1127 796 1200 il
806 1127 818 1181 t
830 1125 863 1182 Ei
877 1124 976 1196 quippe
989 1118 1050 1175 voci
1101 1129 1145 1184 rel
1159 1129 1229 1185 male
1241 1129 1331 1184 viuere
1342 1170 1350 1196 ,
1363 1125 1484 1197 iudicare
1506 1140 1555 1182 ros
1575 1126 1703 1196 potestis,
1717 1141 1831 1197 quorum
1850 1125 1897 1197 ju·

254 1229 343 1298 potius
356 1225 471 1281 FiuSfflS
485 1222 618 1292 millii!
631 1217 752 1284 credere,
767 1214 813 1286 qui
825 1212 859 1269 de
872 1208 980 1267 Ghfliffl
995 1219 1049 1262 '¹⁰¹¹
1101 1224 1173 1280 stitia
1185 1215 1227 1280 e'st
1239 1224 1328 1296 potius
1343 1198 1553 1279 succurrendum
1573 1235 1633 1278 esse
1646 1221 1746 1277 meloni
1760 1237 1812 1277 non
1832 1235 1898 1276 sctr-

253 1321 311 1378 tuit
334 1319 446 1375 testibus
469 1315 623 1372 hominihus
646 1310 739 1378 credi,
755 1321 831 1380 quasi
852 1303 887 1361 ad
904 1317 954 1359 nos
968 1301 1050 1358 61111111
1101 1317 1187 1385 giemi,
1203 1325 1233 1372 ug
1246 1332 1309 1373 eum
1322 1331 1370 1372 gog
1394 1315 1576 1380 manducetis,
1592 1329 1671 1385 quam
1691 1311 1815 1370 mendico
1830 1329 1895 1370 egu-

253 1412 374 1483 eiusdem
390 1410 461 1466 vocis
482 1409 575 1465 notitia
588 1407 647 1462 sne
660 1402 769 1460 homine
790 1407 859 1456 osto
877 1394 1047 1468 moenem,
1101 1410 1197 1476 neoto,
1224 1419 1255 1466 u
1277 1406 1490 1465 manaucandum
1516 1407 1615 1479 aliquid
1637 1405 1726 1463 neusse
1747 1397 1920 1464 cathortots'

254 1522 316 1562 ernon
330 1515 357 1560 et
375 1502 546 1558 manifestum
561 1498 596 1554 sit
615 1497 655 1554 sic
674 1510 733 1552 cam
746 1491 914 1565 pervenisse,
927 1494 957 1543 ut
975 1487 1048 1556 lpo-
1101 1511 1189 1558 amem
1202 1501 1329 1575 parvulis,
1345 1509 1489 1571 antequam
1504 1501 1589 1556 ,epam
1610 1514 1670 1571 Μ
1682 1500 1718 1555 sp
1730 1501 1827 1556 qnqmae
1844 1501 1898 1555 pu.

255 1598 340 1654 Slollls
353 1595 434 1662 diiii·
452 1591 584 1661 011011θά0
598 1584 860 1651 “iimiilwiiiimir
874 1583 1049 1650 1111111101
1100 1608 1187 1649 manae
1208 1593 1324 1664 perieeta
1347 1593 1471 1664 iustitia,
1490 1599 1519 1648 ct
1543 1602 1670 1663 quantum
1694 1591 1799 1648 intersit
1825 1593 1897 1650 inter

253 1687 437 1746 erediderunt?
456 1695 500 1740 cut
518 1682 644 1758 ii0m0⁶⁰
666 1679 765 1736 emec
779 1679 788 1709 ¹
804 1691 878 1747 ‘iiim
892 1689 942 1728 ”⁰²¹
956 1669 1049 1725 necte·
1100 1685 1186 1755 ipsam
1199 1685 1242 1740 cui
1254 1685 1411 1755 suspiratur,
1425 1693 1453 1741 et
1464 1683 1542 1740 istam
1554 1699 1607 1756 qua
1621 1684 1664 1739 hic
1675 1684 1783 1753 vivitur,
1795 1685 1898 1742 solllcit

253 1793 313 1839 runt
324 1783 335 1837 i
348 1781 488 1854 tiuomodo
506 1787 592 1834 eutem
615 1775 717 1831 medient
738 1773 793 1828 noc
815 1765 986 1844 prodeunte?
1004 1770 1050 1818 out
1100 1777 1134 1835 dc
1154 1777 1206 1833 illis
1218 1777 1281 1834 uiris
1296 1776 1347 1834 hoc
1360 1775 1531 1842 existimare,
1546 1775 1618 1848 quod
1636 1776 1806 1833 commendat
1827 1792 1896 1849 apo·

253 1878 379 1948 rpoomodo
389 1871 573 1946 predicabant,
585 1872 608 1926 ei
621 1885 672 1925 non
685 1863 838 1922 mittuntur?
851 1861 916 1915 sicut
928 1857 1050 1928 scripturn
1100 1870 1202 1929 ,2015oe
1211 1869 1339 1926 qoqrpinae
1348 1870 1459 1936 sanius,
1469 1868 1624 1940 quiajustut
1633 1883 1665 1923 ea
1673 1866 1724 1936 fide
1732 1868 1792 1922 oioit
1802 1866 1895 1938 (lione

254 1981 306 2038 est.
327 1970 409 2035 Quam
421 1965 528 2037 specus
542 1979 628 2019 eorum
640 1957 770 2034 pacesque
783 1953 936 2010 assuerum
948 1963 1046 2022 ocrem
1100 1976 1121 2030 t,
1137 1962 1198 2033 ιι).
1212 1959 1325 2018 cresco
1337 1969 1421 2015 mom
1434 1959 1563 2014 mamm
1575 1957 1641 2026 neo,
1655 1967 1678 2013 u
1692 1959 1839 2031 oportun
1859 1967 1897 2015 m

252 2079 296 2134 qto
314 2057 545 2136 circumamicta
557 2053 646 2128 (Rolli-
661 2068 691 2118 ¹,
706 2049 757 2115 Η,
773 2044 845 2119 15)Ῑ
859 2041 961 2101 Vidisti
975 2046 1049 2096 iiiii
1099 2053 1141 2130 itti
1152 2052 1186 2108 uc
1203 2053 1342 2125 justitient.
1363 2049 1511 2107 Proeoident
1530 2052 1597 2105 enim
1615 2048 1769 2122 Scriptura,
1784 2052 1846 2123 quio
1864 2067 1898 2106 ec

251 2150 480 2224 quemadmodum
494 2146 712 2220 predicationem
731 2139 861 2197 doctrinae
873 2133 1027 2208 apostollcae
1039 2173 1047 2201 ,
1100 2145 1283 2218 fiajwtficae
1293 2154 1378 2217 gentes
1389 2143 1470 2212 Deus,
1482 2143 1660 2215 monuntiuoit
1667 2141 1786 2210 tholum
1797 2143 1894 2210 dcent,

167 2329 174 2337 ·
251 2244 439 2318 propheticum
463 2239 644 2297 testimonium
666 2234 819 2292 comitetur.
841 2228 878 2286 llt
900 2227 971 2285 enirn
993 2239 1049 2281 uon
1102 2239 1211 2307 (Μαι,
1228 2237 1375 2294 ,emmo
1395 2235 1667 2292 mmmmm
1687 2232 1895 2308 mappam,

191 2355 194 2362 ·
251 2333 499 2402 courtemnerentur,
509 2323 967 2403 nequelabulosaducerenturquae
977 2316 1049 2387 Apo·
1100 2345 1140 2398 m,
1156 2329 1183 2397 q,
1198 2328 1244 2402 g),
1260 2327 1381 2400 pposqopp
1395 2326 1477 2384 pepp„
1496 2335 1567 2382 ,unq
1581 2325 1624 2382 pq
1637 2326 1713 2398 cuju,
1727 2335 1781 2382 qam
1793 2327 1896 2384 ,qam

252 2431 314 2487 stoli
326 2427 530 2492 annuntiabant,
542 2419 796 2480 d0ffl⁰¹¹⁸²l²b³¹¹i¹¹i
808 2415 867 2470 ¹¹aess
878 2428 894 2468 ³
906 2407 1050 2481 P¹⁰P¹¹0¹5⁵
1100 2433 1209 2497 umque
1218 2422 1344 2482 omnibus
1354 2423 1520 2480 notissimam
1531 2435 1635 2489 vorem,
1649 2419 1673 2477 si
1682 2435 1698 2475 a
1708 2421 1804 2478 restris
1816 2419 1897 2476 lalla-

142 2553 148 2560 ·
251 2520 410 2580 filiiflii&
431 2516 557 2590 prodicta
572 2532 579 2567 ²
594 2515 657 2586 quia
679 2511 730 2568 02⁸¹
752 2505 947 2564 iiiiiiibinfflf
965 2500 1049 2556 miii·
1100 2516 1216 2574 cissimis
1240 2516 1351 2573 somniis
1376 2514 1558 2587 evigilaretis,
1583 2512 1761 2584 sequeremini
1784 2513 1897 2585 vestigia

252 2616 323 2682 cula,
341 2629 394 2698 non
407 2611 556 2668 doluissent
568 2606 649 2682 (sicut
661 2605 741 2662 etlam
754 2613 825 2657 nunc
837 2597 925 2656 adhuc
941 2593 1049 2666 quidam
1100 2609 1185 2680 ΡΜ,
1198 2609 1283 2665 „0qu
1297 2607 1450 2675 Abraham,
1464 2615 1492 2663 gg
1504 2606 1532 2662 j„
1555 2605 1614 2677 eju,
1628 2605 1730 2662 ggmpnp
1751 2604 1898 2663 Μηρὼθ,

251 2703 469 2774 mussitantiqui
479 2700 590 2772 magice
600 2696 728 2770 potentiae
736 2701 831 2750 cuncta
839 2691 882 2746 illa
891 2688 1049 2752 tribuerent,
1100 2703 1198 2759 remini
1219 2717 1281 2760 eum
1303 2701 1427 2758 omnibu,
1447 2701 1581 2772 gentibus,
1606 2697 1667 2772 pp„
1686 2701 1758 2756 gnqm
1777 2701 1896 2773 amp,

251 2799 304 2857 nisi
317 2797 476 2852 taliseorum
486 2792 612 2866 cogitatio
622 2785 815 2846 contestatione
826 2781 980 2855 prophetica
988 2777 1050 2834 vln-
1100 2783 1172 2856 ,pouq
1184 2795 1249 2853 diest
1261 2795 1424 2868 Apostolus,
1439 2794 1538 2867 ,gnum
1558 2793 1759 2862 mmm
1774 2795 1899 2867 mm.

251 2879 904 2957 ceretanllagicisenimartibuslongeantequam
912 2883 1051 2928 noscerent

252 2983 324 3049 tur¹‚
335 2963 1051 3050 Prophetassibiconstituercaquibuspraenuntiarcu·

252 3087 306 3142 tur,
318 3088 398 3131 nemo
408 3073 500 3142 utique
514 3070 624 3126 diceret.
638 3065 691 3122 Sed
702 3061 827 3118 videlicet
837 3065 910 3115 rotat
919 3070 969 3112 nos
979 3055 1051 3111 Fau·

251 3179 312 3226 stus
321 3167 354 3223 de
366 3180 431 3222 vero
441 3161 547 3221 Christo
556 3157 675 3218 Hebraeis
684 3153 827 3227 Prophetis
834 3151 946 3208 testibus
956 3146 1051 3204 crede·

251 3275 296 3329 re,
311 3261 357 3332 qui
371 3259 405 3315 de
418 3257 485 3313 laiso
498 3255 605 3313 Christo
619 3252 763 3309 Persarum
776 3245 913 3304 erroribus
925 3239 1049 3298 credidit.
1095 3247 1099 3252 ⁴

290 3351 404 3409 CAPUT
418 3349 510 3406 xhvl.
522 3378 558 3389 -
572 3347 671 3403 Verum
687 3341 827 3412 disciplina
840 3336 973 3395 catholica
986 3348 1051 3403 pro·

246 3454 347 3522 pterea
360 3441 474 3512 simplici
488 3439 542 3495 ilde
555 3437 629 3509 prius
644 3433 877 3502 nutririoportere
886 3428 966 3484 docet
975 3439 1053 3482 men-

255 3545 311 3594 tem
325 3533 513 3599 christianam,
530 3539 560 3586 ut
577 3542 637 3586 eam
661 3539 786 3593 capacem
808 3520 889 3577 iaciat
901 3518 935 3574 ad
953 3516 1053 3572 intelli-

254 3625 342 3700 genda
351 3639 466 3695 superna
475 3629 621 3678 etaeterna.
630 3617 675 3675 Sic
683 3607 785 3673 'etenim
796 3607 1050 3684 etpropbetadicit:
1093 3616 1102 3696 J

257 3717 318 3776 Nisi
325 3715 492 3783 credideritis,
503 3729 555 3768 oon
562 3706 723 3783 iutellipett's(
732 3704 796 3762 iaci.
805 3719 852 3770 ιιι,
861 3701 908 3776 9).
916 3698 1053 3770 hteaipsa

255 3819 299 3869 cst
317 3808 431 3879 simplex
445 3805 531 3873 tides,
549 3819 601 3876 qua
618 3800 769 3866 credimus,
791 3805 934 3868 antequam
951 3805 1054 3864 cogno·

246 3891 366 3963 ¹scamus
380 3899 623 3971 supereminentem
638 3893 776 3952 seientiam
790 3888 929 3946 charitatis
941 3884 1052 3954 Christi,

258 4005 289 4052 ut
310 3993 469 4065 impleamur
484 3991 512 4045 in
533 4001 640 4044 omnem
663 3981 853 4058 plenitudinem
875 3979 923 4036 liei
937 3975 1053 4051 (Epiros.

245 4103 304 4169 ¹rtt,
321 4085 389 4156 19),
405 4099 460 4139 non
480 4080 539 4136 siue
557 4092 636 4135 causa
659 4074 883 4147 dispensationem
897 4069 1055 4128 humilitatis

259 4179 331 4250 ejus,
343 4192 396 4248 qua
409 4174 562 4230 humanitus
576 4177 654 4227 natos
667 4177 694 4226 et
706 4182 801 4240 passus
811 4173 863 4236 est,
873 4179 890 4223 a
902 4163 1053 4236 Prophetis,

242 4337 246 4344 .
261 4287 311 4344 per
326 4269 507 4340 propheticam
522 4275 641 4337 gentem,
653 4277 703 4336 per
717 4259 901 4334 propheticum
915 4258 1053 4330 populum,

260 4382 310 4438 per
323 4363 506 4436 propheticum
520 4373 631 4431 regnum
645 4365 719 4413 tanto
730 4361 794 4412 aute
814 4352 985 4426 predictam
1005 4349 1056 4406 nisi

241 4514 245 4520 ,
262 4462 324 4529 qnia
335 4458 362 4512 in
376 4456 419 4512 illa
433 4451 546 4510 stultitia
565 4465 626 4522 quae
639 4447 785 4521 sapientior
797 4454 838 4503 est
852 4442 1015 4508 hominibus,
1029 4447 1058 4498 et

240 4611 243 4618 ⁴
261 4547 289 4604 in
305 4549 350 4604 illa
366 4545 518 4602 infirmitate
532 4558 592 4615 quae
613 4541 707 4598 tonior
726 4549 769 4597 est
782 4537 934 4596 bominibus
954 4531 982 4608 (1
995 4531 1055 4590 Gor.

261 4659 282 4710 ι,
293 4639 346 4712 ab)
359 4653 483 4709 magnum
498 4634 599 4707 aliquid
612 4633 680 4698 latet¹
689 4629 723 4688 ad
732 4630 950 4702 justificationem
962 4634 990 4682 ct
999 4625 1058 4695 glo-

242 4721 246 4816 ]
262 4734 439 4792 rilirationem
452 4739 582 4786 nostram.
598 4725 683 4783 Etlbi
696 4731 759 4781 sunt
772 4736 868 4780 ornnes
881 4717 999 4776 thesauri
1012 4731 1058 4773 sa·

263 4825 371 4898 pientiae
389 4833 416 4878 ct
439 4820 558 4878 scientim
580 4814 729 4874 absconditi
747 4811 859 4886 (Colore.
877 4826 907 4876 rt,
932 4809 987 4880 5),
1012 4807 1059 4879 qui

264 4921 328 4974 nrdll
339 4916 512 4989 aperiuntur,
527 4914 549 4968 si
563 4912 624 4976 sibi,
636 4925 683 4983 per
696 4915 844 4966 maternam
857 4917 965 4959 carnem
977 4899 1060 4972 traje-

265 5023 338 5068 ctum
348 5008 448 5075 cibum,
462 5006 488 5062 id
501 5014 552 5074 est,
563 5019 610 5075 per
618 4999 761 5072 apostolica
770 5005 797 5054 ct
811 4993 964 5068 prophetica
976 4991 1059 5048 ubera

267 5105 340 5157 stads
369 5101 495 5156 alimenta
523 5094 730 5165 contempserim
763 5097 791 5146 et
814 5096 939 5158 tanquam
973 5081 1061 5139 inlan-

267 5199 337 5250 nlem
353 5193 453 5248 victum
466 5189 543 5262 quasi
557 5185 708 5261 praegrandi
722 5189 800 5240 atae
813 5179 950 5236 lastidiens
963 5220 970 5248 ‚
983 5177 1059 5250 priua
1086 5199 1089 5204 ·

267 5289 293 5342 ln
308 5301 408 5341 uenena
431 5283 618 5338 haereticorum
643 5291 723 5349 quam
746 5277 774 5330 in
800 5271 937 5347 sapientiae
959 5269 1059 5340 cibum,

267 5378 308 5434 cui
322 5391 350 5432 sc
363 5375 487 5431 idoneum
504 5383 603 5429 temere
615 5367 778 5434 arbitratur,
795 5365 912 5421 irruerit.
925 5361 983 5418 Non
997 5374 1061 5434 ergo

267 5467 339 5540 quod
349 5466 464 5523 dicimus
483 5461 661 5520 necessariam
678 5457 827 5530 simplicem
841 5455 937 5524 iidem,
952 5461 1061 5511 eontra·

300 5617 741 5734 :tercugdventonaddunffi
787 5621 817 5668 lt.
879 5623 883 5630 ·

326 5688 674 5748 tm.ethr.ooeceretur;et
738 5676 985 5746 ammoneo.
1080 5741 1087 5759 ⁸

1101 2889 1272 2963 iumiustitioe
1291 2888 1443 2958 fidei,'quoe
1464 2895 1501 2942 eat
1522 2887 1550 2941 io
1575 2885 1715 2957 preputio,
1736 2894 1763 2939 ut
1777 2886 1810 2940 sit
1824 2896 1900 2958 poter

1102 2983 1215 3038 omnium
1223 2979 1378 3036 medentium
1388 2995 1432 3048 per
1445 2976 1615 3048 preputium
1627 2985 1656 3031 ut
1669 2975 1833 3047 deputeturet
1844 2977 1901 3033 illie

1102 3077 1136 3131 od
1147 3075 1271 3144 iustitium
1284 3089 1294 3128 .·
1305 3082 1334 3128 ut
1345 3073 1378 3128 sit
1391 3081 1464 3144 puter
1474 3071 1683 3140 dammationis,
1698 3087 1749 3126 non
1762 3071 1802 3126 irio
1812 3071 1901 3127 solunt

1102 3174 1145 3246 qui
1158 3189 1191 3228 ec
1203 3169 1392 3226 mrcumct'sione
1403 3176 1481 3236 sunt,
1496 3167 1542 3222 ted
1560 3175 1584 3222 et
1602 3165 1634 3220 iio
1647 3166 1692 3238 qui
1704 3174 1842 3235 sequutum
1855 3182 1903 3221 oe-

1101 3267 1194 3340 oripo,
1207 3279 1264 3336 que
1275 3270 1312 3318 cst
1324 3262 1353 3317 iu
1365 3259 1489 3333 preputio
1506 3258 1567 3330 fidei
1585 3258 1665 3330 putria
1678 3257 1757 3313 nostri
1767 3257 1904 3314 elmodam

1103 3357 1193 3431 (Rom.
1208 3370 1245 3420 ιι,
1262 3353 1307 3421 11,
1321 3349 1382 3426 lt).
1396 3351 1479 3422 Cujus
1497 3364 1562 3422 ergo
1580 3349 1683 3421 justitia
1696 3347 1758 3404 lidei
1773 3348 1850 3403 nobis
1863 3348 1903 3404 acl

1103 3448 1256 3521 exemplum
1267 3445 1397 3504 imitanda
1411 3444 1545 3516 proposita
1556 3451 1608 3508 est,
1622 3450 1651 3498 ut
1663 3449 1692 3498 ct
1702 3456 1752 3497 nos
1759 3439 1905 3512 justificati

1096 3529 1139 3601 'ex
1152 3541 1214 3611 flde,
1228 3555 1322 3615 pacem
1336 3537 1482 3595 habeamus
1496 3534 1531 3591 ad
1543 3533 1639 3601 licum
1651 3532 1800 3603 intelligere
1812 3529 1905 3587 debe·
2001 3602 2003 3621 >

1103 3631 1399 3714 musquemudmodum
1413 3629 1528 3694 uixerit,
1551 3641 1606 3684 non
1627 3623 1824 3698 reprehendere
1840 3639 1848 3675 ι
1863 3638 1906 3681 uc

1104 3737 1168 3788 ante
1182 3743 1229 3801 per
1240 3725 1364 3785 abortum
1378 3721 1498 3779 labamur
1509 3733 1544 3776 ex
1555 3726 1633 3775 utero
1645 3717 1738 3772 matris
1753 3713 1905 3781 Ecclesiae,

1106 3837 1186 3895 quam
1207 3835 1255 3892 per
1277 3816 1401 3876 stabilem
1422 3819 1582 3885 conceptum
1605 3807 1713 3868 iormati
1736 3806 1907 3880 perfectique

1105 3932 1259 3976 nasmmur.

1143 4009 1254 4069 carot
1272 4004 1388 4064 xhvlll.
1400 4033 1436 4046 -
1447 4001 1505 4060 lioc
1524 4001 1623 4058 Fausto
1640 4013 1690 4072 pro
1707 3997 1825 4055 moribus
1847 3997 1906 4054 Pa·

1107 4101 1320 4163 machumet
1331 4095 1524 4169 Prophetarum
1538 4108 1573 4150 ex
1587 4105 1651 4148 rocc
1664 4089 1836 4164 paruulorum
1850 4106 1909 4147 no·

1106 4207 1225 4257 sucrum
1232 4193 1350 4250 breviter
1358 4185 1638 4262 responderimtiuter
1646 4177 1714 4258 quos
1723 4191 1751 4240 et
1760 4197 1803 4238 me
1812 4181 1911 4254 ipsum

1107 4289 1313 4365 deputaverim,
1336 4287 1399 4344 dum
1419 4293 1509 4342 umen
1529 4297 1585 4339 non
1605 4278 1797 4352 reprehendam
1819 4277 1911 4336 vitam

1108 4391 1262 4442 unctorum
1276 4379 1456 4449 antiquorum,
1466 4375 1547 4432 ctiam
1559 4373 1582 4431 si
1596 4385 1651 4429 uon
1660 4370 1805 4442 intelligam
1819 4385 1915 4440 quam

1108 4479 1221 4554 mystice
1241 4475 1373 4543 vixerint,
1398 4487 1512 4546 quorum
1533 4471 1615 4528 vitam
1637 4468 1716 4526 nobis
1736 4464 1916 4522 laudabiliter

1110 4570 1231 4645 dpomli
1257 4565 1401 4638 Evangelio
1421 4579 1470 4622 suo
1491 4563 1687 4636 praedicarunt,
1708 4559 1777 4615 sicut
1797 4555 1836 4611 illi
1859 4567 1918 4614 sna
2000 4588 2003 4609 ι

1110 4659 1357 4738 prophetiaiuturos
1364 4655 1507 4729 apostolos
1514 4654 1739 4726 praeiaciuntur
1748 4647 1919 4706 clamentad

1109 4773 1141 4816 se
1152 4758 1267 4814 laricem
1279 4751 1333 4810 duo
1343 4746 1661 4818 Testamenta,sicutduo
1673 4742 1824 4816 Seraphim,
1837 4741 1923 4800 Son·

1111 4859 1176 4916 etur,
1185 4853 1405 4914 cunctaremur
1415 4831 1540 4899 homone
1546 4837 1725 4896 consumo
1737 4834 1813 4910 (leui.
1820 4851 1863 4901 vr,
1873 4834 1922 4909 5).

1111 4942 1179 5000 urm
1190 4955 1255 4996 reru
1266 4938 1379 5010 ceperit
1392 4935 1506 4992 Faustus
1519 4930 1687 4989 haerebas
1698 4937 1726 4985 et
1739 4927 1925 5001 Prophetas,

1111 5050 1166 5093 uon
1175 5032 1293 5106 generali
1305 5040 1387 5104 atque
1398 5027 1537 5086 indefinita
1545 5023 1772 5096 reprehensione,
1784 5023 1858 5078 siem
1871 5021 1926 5079 hic

1112 5127 1185 5196 iecit,
1199 5127 1246 5184 sed
1260 5123 1369 5198 pmprie
1384 5124 1452 5180 lacta
1464 5135 1558 5178 eorum
1568 5114 1803 5176 commemorando
1813 5115 1925 5172 crimi-

1112 5220 1183 5288 nari,
1206 5216 1343 5289 adjurabit
1364 5229 1409 5271 me
1429 5212 1560 5270 Dominus
1581 5210 1653 5268 heus
1673 5222 1777 5274 corum,
1798 5205 1848 5278 qui
1874 5215 1929 5264 est

1113 5314 1195 5373 edam
1210 5320 1321 5377 noster,
1334 5317 1365 5365 ut
1377 5307 1412 5364 ad
1425 5305 1530 5379 singula
1541 5311 1720 5376 congruenter
1736 5308 1858 5371 apteque
1874 5315 1929 5358 re-

1114 5405 1270 5479 spondeam.
1292 5400 1368 5458 Nunc
1383 5413 1448 5456 vcro
1465 5397 1527 5454 illos
1549 5396 1672 5454 homiues
1690 5394 1805 5451 Fauscts
1822 5391 1931 5450 blani-

1113 5500 1205 5560 ebaus
1213 5497 1359 5566 uitupetat,
1374 5491 1473 5549 Paulum
1484 5497 1574 5550 autem
1588 5488 1725 5561 apostolus
1737 5485 1856 5556 laudotg
1873 5487 1934 5548 eli-

1113 5585 1455 5667 gsqnuqoeemoeou.
1553 5656 1555 5661 .
