4034 6334
288 351 320 412 tt
721 355 765 416 DE
781 351 967 416 urthttath
986 345 1171 424 cudohuht,
1190 351 1220 413 S.
1234 347 1418 412 aucusttttt
1885 338 1922 404 t's

275 487 351 536 nnus
362 484 416 545 eat:
427 477 471 550 gul
483 483 568 534 osteor
580 475 613 533 ιιε
625 475 719 542 litero,
730 489 777 545 per
786 473 979 546 promissionem
993 489 1004 530 .·
1016 488 1074 546 qsu
1126 467 1191 544 ga'nt
1203 469 1300 539 lateri,
1315 470 1362 542 qui
1375 469 1433 525 herc
1446 467 1537 526 volunt
1550 475 1612 525 ante
1628 465 1825 540 condemnare,
1838 485 1922 543 quarn

274 581 336 632 aaut
348 588 394 646 per
413 571 562 644 allegoriam
580 571 658 627 ιιιειιι.
687 568 758 624 Nom
771 568 825 623 hue
843 577 901 624 sant
915 567 965 622 dau
980 565 1073 621 Teste-
1126 562 1240 620 discere.

274 673 360 722 mente
368 682 380 732 ,·
392 679 473 718 munt
484 663 585 734 quidem
599 661 632 717 dc
649 670 733 716 ntontr
747 658 813 717 Sine
826 657 1013 715 tumultuum
1026 673 1072 728 gc·
1160 651 1276 712 CAPUT
1294 652 1338 710 tv.
1351 683 1387 694 -
1399 654 1442 711 ιιι.
1456 651 1562 722 Triplex
1575 671 1646 710 error
1658 655 1801 726 legentium
1815 654 1869 712 Sed
1882 663 1921 723 ιιι,

274 773 382 824 nereos,
404 754 472 827 quod
481 762 520 810 est
530 753 610 826 Ager.
624 752 690 810 Sine
703 751 772 806 coint
784 765 857 806 mona
875 757 912 805 eat
925 749 952 804 in
966 747 1071 816 mutu,
1126 747 1226 803 omissa
1244 747 1351 804 interim
1372 746 1510 804 altitudine
1523 748 1659 815 scientiae,
1674 748 1714 804 sic
1728 763 1805 820 agam
1820 757 1923 814 tecum,

273 849 316 920 qui
329 846 471 918 confimrei
490 862 550 919 qttae
567 861 635 902 nunc
655 854 692 902 cst
707 843 868 908 Jerusalem,
888 851 912 898 et
929 841 1003 897 cernit
1014 856 1073 895 cum
1125 840 1259 914 quomodo
1277 840 1410 912 agendum
1428 841 1545 897 arbitror
1564 855 1627 897 cunt
1646 839 1771 897 familiari
1793 857 1871 908 meo;
1894 842 1924 898 id

273 941 337 1011 filiis
348 940 411 996 suia.
428 938 492 1008 Quo
503 947 587 994 oeteo
600 947 747 994 sartumeat
759 935 918 1003 lentulum,
935 935 1071 1003 liherucrt,
1124 942 1183 1002 est,
1206 935 1275 990 sicut
1293 948 1344 1005 ego
1365 947 1489 1006 possum,
1504 949 1558 990 non
1576 934 1647 991 sicut
1664 933 1834 990 doctissimos
1848 935 1923 1014 viros

275 1049 333 1104 qum
346 1040 383 1088 eet
392 1042 473 1086 mete
482 1030 595 1086 omniunt
610 1039 724 1086 nostram
736 1026 834 1102 (liutet.
850 1043 894 1095 nr,
907 1025 1016 1098 ιι-ιθ).
1124 1039 1205 1096 posse
1218 1025 1330 1082 miratus
1343 1040 1403 1082 suna
1418 1044 1426 1082 ε
1440 1026 1491 1081 tria
1504 1041 1604 1098 genera
1617 1033 1680 1083 sunt
1693 1027 1811 1093 erroris,
1825 1028 1924 1098 quibus

309 1123 337 1180 9.
358 1123 407 1182 llic
425 1123 505 1194 igitur
519 1121 557 1178 illi
571 1119 694 1178 homines
708 1119 820 1175 nimium
833 1117 914 1185 mali,
928 1115 992 1172 dum
1011 1116 1071 1172 lru·
1124 1117 1248 1175 homines
1267 1127 1374 1187 errant,
1390 1133 1450 1176 cum
1466 1118 1566 1190 aliquid
1579 1120 1680 1191 legunt.
1697 1120 1735 1176 lle
1751 1121 1864 1192 singulis
1878 1121 1923 1176 di-

273 1227 361 1274 strare
371 1215 471 1286 Legem
482 1221 623 1280 conantur,
638 1225 686 1270 eas
698 1211 850 1284 Scripturas
861 1209 1072 1280 approbaremus
1123 1225 1195 1266 cam.
1209 1210 1328 1266 Primum
1342 1226 1427 1284 genus
1441 1221 1500 1279 est,
1522 1211 1550 1266 in
1564 1225 1619 1282 quo
1632 1211 1659 1267 id
1677 1211 1750 1283 quod
1768 1212 1865 1270 laisum
1878 1221 1924 1269 est

274 1317 382 1380 cogunt.
395 1306 545 1365 Attenduut
558 1305 630 1363 euim
642 1303 714 1376 quod
726 1304 827 1362 dictum
840 1311 891 1372 est,
906 1303 932 1358 in
943 1303 1072 1358 servitute
1123 1316 1216 1360 rerum
1235 1309 1360 1372 putatur,
1373 1317 1435 1360 cum
1449 1301 1522 1358 aliud
1534 1303 1581 1374 qui
1595 1302 1703 1373 scripsit
1714 1304 1854 1374 putaverit.
1870 1304 1922 1358 hl-

273 1416 334 1459 esse
346 1415 394 1458 eos
408 1401 453 1471 qui
468 1399 517 1458 sub
532 1398 603 1469 hege
616 1405 696 1464 suut,
713 1404 740 1454 ει
760 1396 788 1453 id
808 1395 931 1452 ultimum
947 1409 1003 1467 prae
1016 1409 1071 1451 cc·
1123 1401 1210 1450 terum
1222 1401 1281 1461 cst,
1295 1393 1417 1464 quamvis
1429 1409 1484 1450 uon
1497 1402 1551 1449 ιιιιι
1562 1394 1615 1451 late
1626 1403 1735 1465 pateus,
1755 1411 1810 1451 non
1830 1404 1924 1452 umen

274 1493 340 1550 teris
354 1490 484 1548 ventilant
504 1507 511 1546 :
532 1488 658 1546 Eemnti
677 1487 735 1545 estis
754 1503 771 1542 o
789 1486 905 1554 dirimo,
919 1485 1004 1558 quiin
1018 1485 1073 1558 lege
1123 1483 1213 1540 minus
1224 1483 1351 1551 noxium,
1365 1497 1427 1539 cum
1442 1483 1470 1540 id
1483 1483 1555 1555 quod
1566 1483 1662 1540 lalsum
1676 1493 1825 1541 esttecum
1841 1495 1924 1558 puta·

272 1585 449 1660 justificemini
457 1602 468 1652 ;
487 1600 503 1638 u
521 1583 604 1656 petie
622 1580 751 1639 excidistis
772 1580 829 1653 (ld.
843 1596 869 1648 ιι,
878 1577 924 1652 ἰ).
944 1577 999 1635 llos
1012 1577 1072 1634 haec
1124 1583 1177 1641 tur,
1191 1574 1218 1631 id
1232 1582 1322 1631 tumen
1336 1583 1446 1646 putatur
1457 1577 1528 1648 quod
1541 1577 1622 1632 etiam
1635 1577 1680 1634 ille
1691 1578 1737 1649 qui
1751 1578 1858 1648 scripsit
1871 1594 1924 1650 pu-

273 1681 364 1736 umnia
377 1693 441 1736 nera
455 1692 516 1735 esse
528 1676 710 1743 concedimus,
726 1690 776 1732 uec
791 1675 864 1730 illam
879 1673 965 1744 legem
979 1685 1072 1728 neees-
1123 1668 1198 1724 tavit.
1213 1668 1333 1724 Tertium
1345 1679 1401 1735 est,
1416 1683 1478 1726 cum
1497 1685 1531 1741 ex
1550 1670 1639 1726 alieno
1651 1671 1751 1741 scripto
1763 1670 1924 1742 intelligitur

273 1773 371 1830 sariam
386 1785 447 1828 esse
460 1769 588 1838 dicimus,
602 1768 653 1824 uisi
667 1768 707 1824 eis
720 1767 818 1839 quibus
837 1773 878 1822 est
897 1763 984 1822 adhuc
998 1762 1072 1819 utilis
1123 1758 1223 1830 aliquid
1233 1759 1300 1826 veri,
1311 1774 1372 1816 cum
1382 1759 1436 1816 hoc
1448 1759 1494 1816 tlle
1506 1761 1552 1830 qui
1564 1761 1672 1832 scripsit
1683 1776 1736 1818 non
1747 1761 1923 1819 intellexerit.

273 1861 391 1918 seruitus
405 1879 412 1916 :
427 1859 540 1932 ideoque
555 1859 656 1916 utiliter
669 1872 730 1914 esse
744 1857 845 1924 laum,
860 1854 932 1925 quod
946 1853 1072 1910 homiues
1124 1852 1153 1909 ln
1170 1866 1224 1925 quo
1237 1868 1337 1926 genere
1351 1869 1404 1910 raon
1419 1868 1514 1925 parum
1528 1863 1571 1911 est
1582 1855 1721 1923 utilitatis,
1741 1855 1796 1912 imo
1815 1856 1840 1911 si
1857 1856 1925 1912 dili·

271 1952 320 2027 ⁴qui
332 1949 452 2008 revocari
465 1963 480 2004 a
493 1949 610 2020 peccatis
622 1948 726 2004 ratione
740 1961 794 2002 nou
807 1953 943 2018 poteraut,
955 1942 1000 1998 tali
1012 1941 1072 2013 lege
1123 1946 1229 2016 gentius
1239 1946 1413 2028 consideres,
1426 1955 1498 2005 totus
1510 1947 1618 2020 legendi
1631 1947 1734 2004 lructus
1752 1957 1794 2005 est
1805 1950 1922 2021 integer.

273 2044 416 2102 coercendi
435 2049 527 2111 erant,
543 2055 682 2114 poenarum
704 2039 808 2095 scilicet
826 2038 936 2095 istamm
955 2050 1017 2107 quae
1029 2033 1072 2090 ri-

274 2137 332 2194 deri
346 2136 380 2192 ah
392 2136 480 2192 stultis
491 2142 612 2207 possum,
627 2133 706 2189 minis
718 2141 799 2203 utque
811 2129 974 2194 terroribus;
988 2127 1073 2199 aqui·

275 2227 329 2284 bus
340 2227 423 2299 gratia
436 2225 536 2286 Christi
548 2241 610 2284 cum
623 2224 729 2294 liberat,
744 2238 798 2279 nun
819 2222 905 2294 legem
927 2219 998 2276 illam
1021 2219 1071 2276 da·

276 2327 367 2388 uruat,
384 2318 430 2374 scd
445 2315 587 2388 aliquando
606 2330 656 2373 nos
668 2315 854 2387 obtemperare
868 2325 924 2368 suae
937 2309 1071 2378 charitati,

275 2423 330 2466 uun
350 2409 452 2466 servire
466 2407 555 2463 timori
569 2407 666 2478 Legis,
681 2405 785 2462 inritat.
800 2404 859 2475 lpsa
872 2409 914 2462 est
926 2401 1029 2473 gratia,
1044 2397 1072 2456 id

274 2508 337 2570 est,
351 2498 510 2557 beneficium
524 2497 596 2569 quod
610 2511 664 2554 nou
678 2496 829 2568 intelligunt
844 2493 895 2550 sibi
911 2492 1018 2549 renimc
1028 2490 1070 2547 di·

273 2591 390 2660 viuitus,
404 2590 449 2662 qui
470 2589 557 2646 adhuc
575 2603 637 2647 esse
655 2588 768 2659 cupiunt
786 2585 837 2644 sub
856 2584 969 2642 vinculis
982 2581 1071 2654 Legis.

273 2685 346 2754 Quos
360 2683 456 2740 merito
468 2681 566 2738 Paulus
579 2681 702 2753 obiurgat
715 2687 841 2750 tanquam
854 2675 994 2744 infideles,
1009 2673 1073 2745 quia

273 2775 441 2841 aservitute,
453 2771 498 2829 cui
510 2781 585 2830 certo
599 2780 721 2842 tempore
730 2769 878 2840 justissima
893 2767 941 2824 liei
955 2765 1072 2836 disposi-

275 2868 348 2926 tione
364 2865 477 2937 subjecti
491 2873 584 2933 erant,
596 2865 651 2937 jaun
666 2877 714 2935 per
727 2861 868 2918 bominum
889 2866 1011 2915 nostrum
1025 2856 1072 2914 Je-

274 2977 333 3022 sum
356 2974 387 3017 se
408 2959 535 3016 liberatos
555 2971 615 3015 esse
636 2971 691 3014 nou
711 2953 833 3013 credunt.
854 2952 922 3010 ilinc
944 2961 987 3010 est
1006 2949 1073 3008 illud

275 3055 396 3128 ejusdem
410 3053 524 3126 apostoli
539 3069 546 3108 :
561 3051 616 3109 hec
629 3051 697 3108 enirn
711 3050 865 3123 pedagogus
878 3055 963 3104 nomer
978 3055 1033 3103 erut
1045 3047 1073 3102 iu

275 3146 376 3202 Christo
389 3143 445 3220 (ld.
459 3161 506 3212 ιιι,
519 3143 579 3216 ιι).
595 3143 642 3200 llle
656 3143 737 3214 igitur
749 3139 921 3214 pedagogum
934 3138 1009 3196 dedit
1021 3137 1073 3194 ho-

274 3240 393 3300 rninibus
405 3255 485 3312 quem
502 3238 645 3304 timerent,
659 3237 704 3310 qui
718 3237 874 3308 magistrum
887 3243 1072 3306 posteaquem

275 3333 427 3404 diligerent.
453 3332 482 3388 ln
504 3331 600 3404 quibus
621 3339 710 3388 umen
732 3329 811 3402 Legis
832 3327 974 3400 preceptis
993 3335 1074 3396 utque

275 3426 424 3492 mandatis,
440 3424 538 3498 quibus
552 3438 624 3481 nunc
636 3421 801 3481 Christianos
822 3420 862 3478 uti
884 3418 924 3477 las
946 3434 999 3476 uon
1020 3425 1073 3488 est,

275 3519 356 3591 quale
368 3517 409 3574 rel
420 3516 558 3574 sabbatum
569 3523 621 3580 est,
633 3515 676 3571 rel
686 3513 865 3578 circumcisio,
878 3511 920 3568 uel
930 3509 1071 3579 sacriticia,

275 3618 302 3666 et
315 3609 337 3666 si
352 3608 414 3680 quid
430 3606 582 3680 hujusmodi
597 3613 647 3673 est,
664 3614 737 3661 tanta
752 3602 878 3676 mysteria
891 3601 1072 3670 continentur,

277 3708 306 3756 ut
317 3700 405 3756 omnis
418 3700 478 3771 pius
492 3695 622 3769 intelligat
634 3697 700 3753 nihil
713 3710 774 3753 csse
788 3693 979 3767 perniciosius,
992 3707 1073 3766 quam

275 3791 402 3864 quidquid
414 3790 452 3846 ibi
460 3799 502 3847 est
512 3791 595 3861 accipi
609 3788 642 3846 ad
656 3789 783 3857 llttcram,
794 3786 821 3844 id
833 3797 884 3854 est,
897 3785 931 3868 ad
943 3786 1072 3854 verbum;

275 3883 343 3940 nihil
353 3891 441 3939 autem
453 3881 597 3951 salubrius,
609 3896 688 3953 quarn
701 3881 795 3953 spiritu
805 3877 928 3938 revelari.
940 3878 1004 3935 lude
1013 3888 1072 3935 est:

276 3973 372 4032 Littera
392 3973 501 4041 oceidit,
515 3973 620 4045 spiritua
639 3983 723 4027 εειειιι
743 3971 853 4042 uiuipicut
869 3968 916 4042 (a).
934 3969 997 4026 inde
1011 3980 1072 4026 est:

276 4066 395 4140 idipsum
414 4065 527 4121 uelamen
540 4067 568 4119 in
581 4063 687 4120 lectione
706 4062 800 4118 Veteris
815 4061 967 4117 Testamenti
977 4069 1072 4130 noune,

276 4158 344 4232 qued
356 4174 407 4213 non
419 4156 553 4225 revelatur,
567 4155 688 4226 quonium
699 4154 727 4209 in
737 4151 838 4208 Christo
847 4161 992 4208 mucuotur.
1004 4151 1075 4207 lira-

277 4258 372 4308 cuatur
385 4264 501 4322 namque
515 4249 542 4305 in
555 4246 679 4312 Christo,
696 4261 749 4304 nou
763 4245 846 4302 letus
860 4243 1073 4313 Testamentum,

277 4344 326 4402 scd
341 4343 461 4400 velamen
484 4341 559 4414 ejus;
583 4347 613 4396 ut
635 4353 682 4411 per
700 4336 834 4395 Christum
854 4334 1032 4407 intedigatur,
1047 4343 1075 4392 et

277 4438 353 4512 quasi
367 4435 535 4506 denudetur,
556 4433 628 4506 quod
643 4433 700 4490 siue
713 4431 820 4488 Christo
833 4431 974 4487 obscurum
994 4435 1075 4499 atque

277 4534 437 4606 adopertum
448 4540 500 4587 est.
513 4529 607 4586 Statim
619 4529 718 4600 quippe
728 4525 799 4583 idem
810 4523 946 4597 apostolus
956 4519 1073 4593 stubjicit:

278 4627 342 4684 Cant
360 4635 444 4682 uutctu
463 4622 594 4680 transieris
609 4621 643 4677 cd
658 4620 800 4687 Ciminium,
815 4619 944 4690 cosmetor
961 4615 1075 4682 oclqmcn

280 4715 386 4792 (licor.
399 4729 438 4783 ιιι,
453 4715 479 4784 ιι,
498 4715 541 4782 ll,
558 4713 613 4788 lb).
627 4712 684 4768 Non
697 4711 768 4768 enim
782 4709 828 4778 ait,
845 4705 1073 4772 tolereturhe13

277 4819 334 4878 aut,
349 4807 551 4865 Testamentum
565 4804 658 4861 Vetus.
673 4803 731 4859 Nun
743 4801 825 4874 igitur
838 4815 886 4873 per
896 4796 1003 4856 Domiti
1012 4810 1075 4868 gra·

280 4903 363 4972 tiam,
379 4909 504 4974 tanquam
521 4897 625 4956 inutilia
644 4897 681 4954 ibi
702 4903 870 4968 tegerentur,
892 4893 979 4950 ablata
993 4898 1073 4960 suut;

279 4995 327 5054 sed
340 5004 448 5068 tegmen
463 4992 569 5067 potius,
584 5005 639 5064 quo
652 4989 727 5046 utilia
740 4987 906 5060 tegebantur.
926 4983 982 5042 lloc
995 4983 1076 5041 modo

280 5088 368 5160 agitur
381 5103 443 5146 cum
458 5086 492 5143 iis
504 5086 549 5158 qui
564 5082 684 5141 studiose
697 5096 729 5138 ac
742 5079 801 5152 pie,
814 5094 867 5136 uon
881 5077 985 5134 turbide
996 5085 1076 5147 atquc

280 5177 420 5248 improbe,
445 5177 644 5249 scripturarum
668 5173 772 5230 illarum
797 5185 906 5228 sensum
926 5169 1074 5241 requirunt,

281 5268 533 5341 demonstraturque
546 5267 639 5326 sedulo
652 5273 681 5324 ει
692 5265 759 5323 ordo
770 5279 877 5330 rerum,
892 5271 919 5321 et
931 5276 1020 5318 cuusae
1034 5259 1075 5316 la·

281 5371 386 5420 ctorum
408 5373 489 5435 atque
509 5363 658 5430 dicturum,
683 5366 711 5416 ει
730 5357 835 5416 leteris
855 5355 1020 5414 Testamenti
1041 5353 1076 5410 ad

282 5453 387 5513 Nurum
400 5461 472 5510 unta
490 5455 681 5527 congruentia,
700 5458 730 5508 ιιι
747 5465 815 5522 aper
833 5449 940 5517 nullus,
962 5449 1077 5521 quinon

281 5554 423 5615 consonet,
438 5545 619 5617 relinquatur;
633 5554 660 5604 et
674 5545 818 5619 figurarum
832 5549 906 5598 tauta
920 5548 1035 5609 secreta,
1048 5549 1077 5596 ιιι

282 5635 374 5698 omnia
387 5651 447 5712 quse
461 5636 662 5712 interpretando
676 5644 818 5707 emuntur,
832 5633 946 5694 miserus
957 5647 1019 5694 esse
1031 5645 1077 5691 cu·

315 5848 354 5922 (ε)
365 5855 461 5916 tttetr,
472 5861 525 5917 cap.
536 5847 607 5916 timu
619 5849 642 5902 ι.

1123 2038 1207 2096 Ριιιιιί
1223 2040 1330 2112 generis
1349 2041 1502 2112 exemplum
1520 2050 1580 2108 est,
1595 2049 1626 2097 ut
1638 2041 1662 2097 si
1673 2041 1830 2113 quisquam,
1845 2041 1924 2098 ncrbl

1122 2131 1226 2204 gratia,
1242 2131 1314 2188 dicat
1327 2139 1356 2189 ct
1373 2131 1467 2189 credat
1484 2132 1716 2189 Rhadamanthum
1731 2133 1802 2204 apud
1820 2133 1924 2189 iolcros

1123 2224 1217 2280 audire
1240 2239 1273 2280 sc
1296 2224 1443 2296 dijudicare
1468 2239 1563 2281 causas
1584 2234 1767 2293 mortuorum,
1790 2239 1823 2280 co
1846 2225 1923 2295 quod

1122 2314 1242 2372 ldarouis
1260 2316 1287 2371 in
1306 2316 1426 2372 carmine
1443 2315 1472 2371 id
1490 2315 1585 2388 legerit
1603 2315 1723 2387 (AEness
1743 2315 1787 2371 tlt.
1805 2316 1835 2385 6,
1854 2332 1922 2371 sera.

1124 2405 1267 2479 διδ-569).
1283 2405 1333 2463 llic
1341 2407 1414 2464 enim
1425 2416 1499 2464 errat
1509 2405 1614 2464 duobus
1626 2407 1730 2476 modis;
1744 2406 1815 2478 quod
1827 2416 1854 2464 et
1863 2423 1925 2465 rem

1122 2512 1176 2554 nou
1189 2497 1351 2554 credendam
1369 2498 1471 2567 credit,
1485 2491 1573 2569 neque
1586 2497 1612 2554 id
1627 2498 1760 2570 putandus
1773 2509 1816 2555 est
1832 2497 1924 2554 credi·

1123 2589 1196 2647 disse
1210 2591 1255 2647 ille
1274 2606 1356 2663 quem
1375 2590 1450 2663 legit.
1463 2591 1584 2648 Alterum
1596 2605 1681 2662 genus
1693 2589 1867 2646 animadverti
1882 2590 1924 2646 sic

1124 2688 1215 2753 potest
1226 2699 1233 2736 :
1244 2681 1268 2739 si
1279 2682 1349 2753 quis,
1363 2683 1425 2753 quia
1437 2681 1577 2738 Lucretius
1586 2681 1703 2737 animam
1712 2696 1745 2737 ει
1756 2681 1853 2737 atomis
1861 2694 1926 2738 esse

1124 2774 1236 2841 scribit,
1249 2787 1363 2844 eamque
1375 2782 1562 2844 postmortem
1575 2773 1603 2829 in
1614 2773 1723 2829 eusdem
1738 2781 1842 2828 atomos
1854 2772 1925 2829 sutri

1123 2873 1205 2938 atque
1221 2865 1349 2934 interire,
1366 2865 1393 2921 id
1406 2879 1501 2922 nerum
1515 2879 1548 2920 ac
1561 2863 1612 2921 sibi
1625 2864 1792 2922 credendum
1806 2866 1924 2924 arbitre-

1126 2965 1179 3012 tur.
1197 2956 1263 3019 Nam
1278 2954 1361 3012 ethic
1375 2970 1428 3012 non
1441 2956 1530 3011 minus
1548 2957 1631 3012 miser
1647 2962 1703 3021 est,
1718 2955 1742 3010 si
1755 2953 1790 3011 de
1804 2965 1925 3013 retenta

1124 3049 1153 3105 id
1165 3047 1342 3121 quodfalsum
1351 3055 1394 3104 est
1402 3061 1451 3119 pro
1460 3056 1536 3104 certo
1545 3045 1595 3101 sibi
1606 3046 1756 3118 persuasit;
1769 3061 1925 3118 quanquam

1123 3139 1152 3197 id
1163 3121 1322 3204 hucr'etius,
1338 3137 1510 3211 cuiuslibris
1524 3136 1652 3208 deceptus
1667 3143 1726 3204 est,
1739 3137 1863 3207 opinatus
1875 3138 1923 3196 sit.

1124 3234 1194 3304 Quid
1212 3234 1284 3292 euim
1299 3232 1361 3291 huic
1375 3232 1484 3304 prodest
1495 3231 1531 3290 de
1542 3233 1658 3290 auctoris
1671 3233 1805 3290 sententia
1818 3243 1924 3290 certum

1124 3325 1313 3398 coaequando
1322 3325 1372 3381 sibi
1383 3340 1444 3382 eum
1454 3340 1508 3382 uon
1519 3341 1567 3397 per
1576 3340 1655 3397 quem
1666 3339 1720 3380 non
1731 3327 1862 3393 erraret¹,
1873 3325 1925 3382 sed

1124 3434 1185 3482 cum
1197 3434 1252 3491 quo
1265 3427 1378 3487 erraret,
1392 3417 1522 3490 elegerit?
1536 3418 1629 3476 Tertio
1641 3420 1734 3491 generi
1746 3427 1788 3475 est
1800 3419 1864 3474 illud
1877 3433 1924 3476 ac-

1124 3512 1323 3569 commodatum
1338 3531 1346 3567 :
1361 3511 1385 3568 si
1399 3510 1460 3583 quis
1473 3509 1636 3584 Epicurum,
1651 3512 1721 3568 lecto
1734 3511 1831 3584 ejusiu
1847 3511 1925 3569 libris

1123 3603 1213 3676 aliquo
1231 3605 1292 3661 loco
1307 3603 1354 3660 ubi
1368 3604 1561 3661 continentiam
1575 3603 1684 3673 laudat,
1697 3605 1724 3661 in
1738 3605 1835 3659 rlrtrue
1846 3603 1925 3662 illum

1123 3688 1259 3755 summurn
1272 3697 1373 3754 bonum
1387 3697 1510 3768 posuisse
1521 3705 1667 3763 amoveret,
1680 3707 1708 3753 et
1720 3696 1781 3752 ideo
1794 3709 1848 3751 non
1860 3709 1925 3754 esse

1123 3788 1298 3862 culpandum.
1312 3789 1381 3845 lluic
1392 3789 1473 3846 ctiam
1492 3787 1559 3860 quid
1575 3789 1652 3845 obest
1670 3803 1747 3845 error
1758 3787 1883 3858 Epicuri,
1898 3788 1924 3844 si

1124 3896 1260 3938 summum
1269 3881 1370 3938 bonum
1380 3880 1499 3938 hominis
1508 3881 1671 3951 voluptatem
1682 3881 1727 3936 ille
1736 3879 1857 3950 corporis
1865 3892 1926 3934 cre-

1124 3973 1180 4042 dit;
1193 3988 1255 4030 cum
1267 3973 1321 4030 iste
1330 3987 1386 4029 non
1397 3987 1428 4029 se
1440 3971 1545 4029 dederit
1556 3981 1611 4028 tam
1625 3973 1696 4044 turpi
1707 3971 1846 4042 nouaque
1858 3985 1925 4026 sen·

1124 4063 1233 4130 tentiae,
1248 4078 1337 4135 neque
1354 4063 1391 4120 ob
1409 4063 1489 4119 aliam
1503 4077 1610 4119 causam
1624 4063 1650 4118 ci
1666 4061 1769 4133 placent
1779 4061 1924 4133 Epicurus,

1124 4156 1177 4212 uisi
1190 4156 1262 4226 quod
1276 4171 1337 4212 eom
1351 4155 1469 4212 seorsisse
1487 4170 1540 4212 non
1555 4162 1644 4225 putat,
1664 4151 1736 4224 quod
1755 4153 1848 4210 sentiri
1867 4166 1926 4211 ucu

1124 4247 1268 4319 oporteatt
1278 4247 1328 4305 llic
1336 4262 1413 4304 error
1423 4261 1477 4303 non
1488 4245 1569 4302 modo
1581 4246 1714 4301 humanus
1726 4251 1778 4310 est,
1789 4243 1838 4300 sed
1849 4258 1926 4315 sepe

1125 4339 1206 4395 etiam
1216 4337 1325 4396 homine
1334 4337 1516 4411 dignissimus.
1531 4336 1600 4406 Quid
1612 4337 1700 4404 enim,
1716 4336 1738 4393 si
1752 4335 1818 4392 mihi
1831 4336 1864 4393 dc
1873 4336 1927 4392 ali·

1124 4445 1271 4504 quoquam
1285 4431 1423 4503 diligerem
1437 4431 1605 4487 mundaretur
1615 4427 1687 4500 quod
1699 4428 1760 4497 sibi,
1776 4443 1837 4484 cum
1851 4437 1927 4486 esset

1125 4523 1262 4592 barbatus,
1282 4523 1423 4595 pueritiam
1437 4532 1517 4594 atque
1529 4521 1668 4578 infantiam
1682 4520 1717 4576 ita
1731 4519 1837 4590 placere
1848 4519 1925 4574 mul·

1124 4614 1161 4673 tis
1173 4615 1343 4672 audientibus
1356 4613 1463 4682 dixerit,
1477 4622 1507 4669 ut
1520 4613 1599 4670 etiam
1613 4613 1743 4684 juraverit
1755 4626 1785 4668 se
1799 4609 1925 4668 similiter

1125 4709 1195 4766 velle
1203 4685 1305 4776 virere}
1318 4707 1399 4780 idque
1408 4709 1445 4765 ita
1455 4708 1520 4763 mihi
1532 4708 1702 4778 probaretur,
1713 4717 1743 4763 ut
1753 4705 1926 4778 impudenter

1126 4801 1271 4873 negareml
1286 4815 1350 4857 num
1360 4799 1599 4874 reprehendendus
1611 4799 1737 4868 uiderer,
1751 4801 1774 4856 si
1788 4815 1850 4856 cum
1863 4798 1926 4855 exi·

1126 4893 1275 4962 stimarem,
1288 4909 1349 4951 cum
1362 4893 1414 4952 hoc
1425 4894 1543 4964 diceret,
1558 4895 1708 4968 signideare
1721 4895 1855 4963 noluisse,
1870 4895 1926 4953 sibi

1126 4986 1234 5060 placere
1247 4987 1444 5056 innocentiam,
1460 4996 1489 5044 et
1508 4987 1543 5044 ab
1558 4988 1599 5044 eis
1612 4987 1709 5062 quibus
1723 4988 1860 5044 bominum
1873 5003 1926 5058 ge-

1127 5093 1179 5134 uus
1187 5077 1369 5135 involveretur
1378 5079 1569 5151 cupiditatibus
1580 5080 1700 5136 animum
1713 5080 1841 5148 alienum,
1852 5088 1880 5136 et
1889 5095 1923 5138 ει

1128 5186 1161 5228 ec
1172 5172 1246 5228 illum
1259 5172 1345 5244 magis
1359 5173 1498 5244 magisque
1509 5171 1666 5244 diligerem,
1685 5187 1767 5244 quum
1784 5181 1861 5229 antea
1881 5171 1921 5227 di·

1126 5265 1260 5338 ligebam3
1274 5266 1378 5323 cthmsi
1393 5263 1508 5322 tortasse
1527 5265 1573 5322 ille
1591 5265 1620 5322 iu
1639 5279 1782 5347 puerqrum
1801 5263 1929 5324 aetatibus

1127 5356 1278 5415 libertatem
1288 5357 1431 5430 quamdam
1440 5357 1468 5414 in
1478 5356 1595 5415 ludendo
1604 5366 1633 5415 et
1641 5357 1755 5414 cibando
1763 5365 1844 5429 atque
1854 5356 1932 5428 igna-

1127 5467 1190 5510 rum
1211 5452 1298 5510 otium
1315 5452 1412 5509 stultus
1430 5452 1602 5509 adamasset?
1618 5431 1674 5508 Tac
1691 5451 1764 5508 enim
1781 5467 1844 5508 eum
1864 5464 1930 5508 csse

1127 5544 1280 5602 detuuetum
1293 5551 1434 5616 postquam
1449 5543 1501 5602 hoc
1512 5544 1579 5601 mihi
1590 5544 1740 5601 nuntiatum
1751 5551 1805 5611 est,
1821 5557 1872 5600 uec
1884 5544 1931 5600 inu

1128 5638 1258 5709 terroguri
1269 5652 1285 5693 a
1297 5651 1341 5694 me
1354 5636 1472 5710 potuisse
1482 5637 1637 5710 quidquam,
1648 5646 1678 5694 ut
1687 5636 1806 5709 aperiret
1817 5643 1930 5695 sculca-

1162 5797 1825 5932 tuehameeutauuissaeratputtcatausgarn
1919 5837 1923 5848 '
1996 5839 2004 5853 ‘
