4034 6334
292 291 359 350 1051

291 407 454 466 subvertitur
474 405 532 466 siae
546 405 606 462 ollis
624 403 757 461 thesauris
771 401 874 486 facilius
888 413 916 458 et
934 402 1084 473 expeditius

288 509 378 574 potest
400 499 498 555 viuere.
526 499 590 570 eris
609 511 674 552 vero
695 495 764 552 ullos
782 494 932 562 thesauros,
958 496 1008 551 nisi
1034 511 1083 569 per

282 593 406 650 'mentem
436 589 533 662 poterit
552 587 708 660 possidere?
739 585 767 644 Si
794 587 865 642 enim
891 602 958 658 puer
981 585 1079 654 inians,

287 691 412 763 quamuis
428 690 575 748 ditissimus
590 699 678 757 natus,
703 703 762 744 cum
777 688 811 742 sit
824 686 948 742 dominus
962 685 1079 739 omnium

288 797 348 857 quae
359 782 421 853 jure
433 781 571 853 senicius,
586 781 651 836 nibil
664 778 781 851 possidet
793 787 882 834 mente
897 778 981 848 sopita
992 793 999 842 ;
1012 791 1080 848 quo-

286 890 348 930 nam
361 874 469 931 modom
489 873 570 930 modo
580 874 719 944 quisquam
731 871 876 945 quidquam
891 878 980 925 mente
991 868 1078 940 possi-

286 968 359 1024 debit
370 966 486 1024 amissa?
507 967 559 1024 Sed
572 968 606 1024 de
619 966 751 1022 thesauris
761 965 823 1036 quid
835 965 937 1036 loquor,
952 962 1023 1035 quod
1039 961 1077 1016 eis

285 1060 396 1132 quilibet
409 1060 559 1126 bominum,
579 1061 601 1117 si
615 1060 674 1116 talis
693 1059 766 1130 optio
779 1066 954 1130 proponatur,
977 1055 1078 1110 mavrtlt

283 1169 377 1210 carcre
390 1170 469 1226 quam
481 1164 589 1221 mente;
606 1169 666 1208 cum
679 1168 726 1209 eos
738 1167 817 1208 nemo
829 1157 977 1222 praeponat,
997 1163 1077 1210 nemo

282 1257 421 1318 comparet
442 1248 586 1303 luminibus
602 1247 731 1317 corporis,
758 1246 855 1316 quibus
871 1261 924 1300 nou
940 1252 967 1300 ut
981 1258 1075 1298 aarum

281 1353 359 1393 rarus
373 1339 486 1408 quisque
499 1337 596 1404 bomo,
623 1338 671 1393 sed
691 1337 777 1391 omnis
797 1335 879 1390 bomo
891 1335 1008 1404 possidet
1022 1348 1077 1390 coe-

280 1428 336 1483 lum
351 1448 358 1484 a
374 1445 423 1499 per
435 1429 532 1484 lamina
542 1429 614 1484 enim
626 1427 746 1498 corporis
756 1426 870 1498 quisque
877 1425 1077 1496 possidetquid·

280 1519 343 1590 quid
369 1521 482 1578 libenter
505 1518 593 1576 videti
618 1517 682 1586 Quis
704 1531 769 1588 ergo
783 1517 805 1572 si
828 1526 920 1575 teuere
934 1525 1075 1586 utrumque

279 1625 333 1664 non
347 1612 440 1680 possit,
466 1620 493 1666 et
506 1611 661 1666 alterutrum
674 1618 784 1678 cogatur
795 1608 926 1671 aurittere,
948 1623 1000 1664 nou
1012 1609 1075 1662 tlte·

279 1717 373 1758 sauros
385 1718 464 1774 quam
482 1705 573 1758 oculos
587 1701 686 1758 maliti
706 1701 741 1756 Et
755 1711 842 1756 umen
858 1701 881 1757 si
895 1701 929 1755 ab
943 1717 977 1757 eo
992 1701 1073 1756 siusili

278 1795 431 1851 conditione
445 1807 590 1867 queratur,
605 1806 692 1850 utrum
703 1793 795 1850 oculos
808 1795 882 1849 malit
892 1795 1024 1860 amittere,
1039 1811 1072 1850 an

277 1895 409 1951 mentem;
435 1888 495 1958 quis
509 1896 599 1942 mente
618 1902 670 1941 non
684 1886 780 1952 videat,
805 1902 866 1942 eum
887 1886 981 1941 oculos
994 1886 1072 1941 malle

276 1992 357 2048 quam
378 1977 518 2033 mentemi
539 1979 613 2033 llens
626 1978 723 2049 quippo
743 1977 801 2033 sine
821 1978 904 2032 oculis
918 1978 1005 2032 carnis
1022 1977 1071 2032 bu·

276 2083 356 2124 mana
368 2078 420 2137 est,
433 2071 503 2125 oculi
518 2081 605 2125 autom
617 2071 705 2126 caortiis
714 2072 771 2126 siue
783 2079 872 2126 mente
881 2071 989 2127 belluini
997 2080 1070 2127 sum.

275 2159 341 2229 Quis
354 2176 435 2233 porro
450 2177 502 2216 non
525 2160 662 2217 lromiueur
686 2177 717 2217 se
732 2162 808 2217 malit
826 2177 886 2218 csse
898 2163 978 2218 etiam
989 2178 1071 2218 came

275 2268 388 2322 caccum,
404 2270 482 2326 quam
494 2256 609 2312 belluam
624 2255 780 2311 videntem?

309 2344 355 2400 20.
371 2345 434 2402 llaec
446 2345 511 2411 dixi,
526 2356 555 2401 ιιι
563 2347 642 2402 etiam
654 2346 795 2413 tardiores,
808 2347 929 2418 quamuis
941 2347 1068 2418 breviter,

273 2449 508 2496 commonerentur
521 2456 536 2494 a
551 2454 603 2507 me,
614 2439 639 2494 in
653 2455 765 2512 quorum
779 2441 872 2497 oculos
882 2442 924 2496 rel
935 2457 1013 2497 aures
1026 2441 1069 2497 hm

272 2530 369 2588 littere
379 2533 511 2598 venerint,
522 2540 733 2604 quantummens
744 2531 836 2604 diligat
845 2548 876 2589 se
889 2535 972 2604 ipsam
987 2535 1067 2589 etiam

272 2621 417 2695 inlustraret
430 2639 534 2692 emaus,
546 2623 616 2680 male
625 2623 760 2696 diligendo
776 2633 856 2694 atque
870 2625 996 2681 sectando
1008 2641 1068 2696 qum

271 2725 334 2772 uuirt
344 2715 413 2772 inira
425 2717 520 2788 ipsam.
534 2717 648 2787 Diligere
660 2731 742 2788 porro
756 2731 785 2770 se
801 2717 884 2786 ipsam
901 2733 953 2772 non
963 2726 1065 2789 posset,

270 2807 295 2865 si
309 2823 339 2864 se
351 2811 460 2864 omnino
473 2810 598 2875 nesciret,
619 2807 646 2864 id
661 2817 713 2876 est,
727 2809 749 2863 si
762 2810 802 2864 sui
815 2825 868 2864 non
880 2810 1064 2877 meminissct;

270 2915 322 2957 uec
334 2916 363 2958 se
374 2900 534 2972 intelligeret
548 2922 555 2957 t
571 2903 661 2974 quain
675 2918 704 2957 sc
713 2901 828 2973 imagine
843 2903 888 2958 Uei
903 2911 955 2957 tam
970 2913 1066 2974 puteus

270 3003 323 3060 est,
352 3004 381 3050 ut
393 2996 417 3050 ei
429 2995 504 3066 cujus
517 2997 603 3064 imago
616 3003 658 3050 est
673 2995 760 3050 valeat
773 2994 913 3050 inhaerere.
935 2993 980 3052 Sic
994 2996 1066 3050 enim

270 3087 392 3143 ordinata
413 3099 454 3144 est
469 3096 622 3144 naturarum
638 3089 741 3155 ordine,
761 3105 813 3143 non
827 3090 958 3157 locorum,
978 3100 1003 3143 ut
1018 3105 1062 3144 su·

269 3195 317 3250 pra
340 3179 411 3253 illam
431 3193 486 3236 nou
500 3180 534 3236 sit
553 3181 603 3235 uisi
619 3179 674 3234 ille.
698 3179 816 3250 lienique
832 3195 893 3234 cum
907 3181 945 3236 illi
960 3181 1065 3251 penitus

269 3273 422 3341 adtnesertt,
449 3289 517 3328 unus
539 3273 591 3329 erit
616 3273 754 3342 spiritus:
781 3275 824 3329 cui
852 3273 891 3330 rei
924 3281 1065 3330 attestatur

269 3367 423 3438 Apostolus,
446 3367 548 3432 dicens,
576 3367 626 3436 Qui
636 3377 720 3420 eutem
732 3366 843 3421 ediceret
854 3365 976 3434 Domino,
997 3383 1063 3422 onita

268 3462 371 3532 spiritua
392 3469 426 3516 ert
441 3461 461 3530 (l
472 3458 531 3516 Gor.
547 3475 583 3527 vr,
598 3461 660 3529 ¹7l²
678 3459 823 3516 accedente
842 3459 949 3530 quidem
966 3459 1014 3515 ista
1028 3459 1062 3516 ad

267 3555 497 3625 participationem
527 3562 639 3619 naturae,
671 3552 806 3619 veritatis,
833 3561 861 3608 et
889 3544 1061 3632 beatitudiuis

265 3645 349 3714 illius,
365 3660 417 3700 nou
434 3655 523 3701 tamen
539 3654 677 3701 crescente
689 3646 735 3701 illo
748 3645 774 3699 in
790 3654 893 3714 natura,
907 3647 1019 3700 veritate
1034 3655 1061 3702 ct

266 3738 430 3796 beatitudine
449 3754 507 3794 stra.
534 3739 562 3793 ln
583 3739 624 3793 illa
642 3739 731 3810 itaque
748 3746 852 3804 natura,
866 3754 926 3794 cum
948 3739 1061 3794 feliciter

266 3832 426 3900 adusserit,
456 3831 656 3887 immutabiliter
690 3830 761 3885 rivet
772 3830 791 3894 ¹,
829 3837 857 3884 et
894 3829 1060 3886 innuutabile

265 3925 364 3980 videbit
385 3940 465 3979 omne
485 3922 555 3995 quod
576 3922 680 3978 viderit.
700 3922 791 3989 Tunc,
827 3924 896 3977 sicut
916 3925 941 3978 ei
969 3923 1058 3978 diviua

265 4016 400 4086 Scriptura
421 4018 558 4088 promittit,
588 4017 728 4071 satiabitur
750 4017 777 4072 in
797 4016 874 4072 bonis
892 4015 1057 4073 desideriunt

264 4110 323 4180 ejus
352 4107 441 4184 (Psoi.
467 4126 512 4176 eu,
542 4109 588 4180 5),
623 4110 700 4165 lionis
733 4110 962 4178 immutabilibus,
1000 4110 1056 4180 ipsa

265 4203 395 4258 Trinitate
422 4202 476 4258 ileo
503 4217 552 4257 suo
577 4202 652 4274 cujus
669 4202 756 4272 imago
777 4212 840 4256 est:
863 4210 890 4256 et
903 4217 937 4257 ne
952 4203 1056 4271 uspiam

264 4294 391 4364 deinceps
402 4293 526 4360 violetur,
538 4294 589 4347 erit
600 4293 626 4347 in
638 4293 793 4347 abscondito
804 4292 890 4347 vultus
902 4291 1055 4364 ejusll'aol.

264 4401 330 4452 xxx,
345 4384 404 4453 21),
423 4393 494 4440 tanta
510 4386 630 4438 ubertate
653 4385 711 4454 ejus
732 4385 850 4454 inpleta,
870 4393 899 4440 ul
913 4399 971 4439 eam
987 4399 1057 4438 ιιιιιι-

263 4492 342 4548 quam
357 4492 466 4546 peccare
484 4475 607 4532 delectet.
634 4475 669 4531 Sc
686 4477 768 4546 ipsam
790 4490 853 4532 vero
866 4491 936 4534 nurrc
948 4477 1055 4548 quando

262 4568 344 4633 videt,
360 4583 412 4622 non
426 4566 523 4638 aliquid
538 4567 701 4622 immutabile
716 4568 798 4622 ridet.

296 4659 410 4717 CAPUT
434 4659 491 4717 XV.
515 4659 617 4714 -11,
642 4661 734 4715 Anima
758 4663 856 4717 touretst'
876 4649 1054 4718 beatitudiuem

260 4763 351 4823 speret,
367 4769 418 4807 noa
435 4761 518 4807 tornea
536 4753 702 4807 rerrriuiacitur
714 4752 874 4809 beatitudinis
886 4755 996 4820 aniate,
1008 4754 1054 4809 red

260 4844 310 4900 Dei
322 4843 490 4900 reminiscitur
502 4853 525 4898 et
538 4846 682 4916 requierunt
689 4844 805 4913 justitior.
818 4842 924 4916 Requlcc
933 4845 1053 4900 immuta-

260 4940 394 4994 clintone
405 4939 512 5004 vivendi,
527 4939 602 4992 etiem
620 4938 704 5010 impiis
718 4948 792 4993 note.
809 4937 884 5011 Quod
906 4939 965 4996 ideo
978 4947 1053 4997 cerie

259 5047 312 5084 rum
326 5031 438 5095 dubitat,
450 5031 575 5102 qnoniam
592 5030 688 5085 misera
710 5038 760 5098 est,
775 5040 802 5087 et
814 5033 890 5087 beata
905 5047 966 5089 esse
980 5031 1052 5089 desi-

258 5121 353 5177 derat:
375 5139 424 5177 nee
436 5121 471 5178 ob
481 5122 552 5177 aliud
568 5122 624 5177 lieri
638 5130 729 5193 sperat
740 5124 791 5179 hoc
806 5139 900 5195 posse,
927 5125 975 5180 nisi
989 5127 1051 5198 quia

258 5220 299 5265 est
319 5214 461 5268 nnrtabilis.
489 5213 554 5268 Nam
579 5216 601 5269 si
621 5215 755 5271 mutabilis
774 5230 825 5270 non
840 5221 920 5283 esset,
934 5217 1002 5272 sicut
1017 5231 1050 5272 ex

258 5299 355 5358 beata¹
377 5307 485 5373 misera,
509 5307 548 5361 sic
560 5321 593 5362 er
609 5305 705 5363 misera
716 5305 792 5363 beata
810 5323 932 5363 martion
949 5317 1048 5377 posset.

230 5408 238 5434 1¹
257 5392 373 5470 Ecquid
394 5415 453 5456 eam
476 5399 582 5456 iecisset
600 5399 723 5456 miseram
745 5400 795 5457 sub
814 5401 996 5472 omnipotente
1022 5411 1049 5457 et

257 5488 329 5555 bono
343 5489 465 5560 bomine,
478 5494 526 5548 nisi
544 5503 680 5564 peccatum
694 5509 771 5550 suum
789 5501 817 5550 et
825 5493 928 5564 justitia
945 5495 1049 5551 [lumini

254 5583 320 5644 wil
339 5583 448 5656 Ecquid
461 5602 519 5641 eam
537 5585 616 5642 iaciet
635 5587 750 5652 beatam,
766 5583 817 5641 uisi
831 5585 954 5640 meritum
968 5599 1045 5641 strum

286 5719 764 5782 trusonttunatmnoattbmoiaet.

245 5819 252 5852 a
286 5782 984 5856 'medimmleoteaitetbwiletmtsswibllss

861 287 906 344 ott
924 286 1121 358 culcitam,
1140 289 1170 348 S.
1190 291 1372 360 tuobsrttu

1861 322 1929 382 lost

1138 412 1166 460 et
1175 406 1313 478 praemium
1327 411 1432 470 bomInl
1452 415 1513 472 soil
1533 416 1624 478 Sedet
1635 425 1759 484 meritum
1773 429 1833 502 ejus
1846 437 1929 504 qratia

1137 509 1178 554 est
1188 500 1265 570 illius,
1278 505 1352 576 eujus
1365 511 1502 578 premium
1513 513 1563 569 erit
1572 514 1707 574 beatitudo
1717 521 1785 592 ejus.
1796 523 1928 583 iustitiam

1136 591 1232 662 quippe
1243 593 1306 650 dare
1326 599 1376 653 sibi
1397 616 1448 654 non
1461 612 1549 674 potest
1559 605 1644 676 squam
1666 611 1796 680 perditam
1814 631 1868 672 non
1883 617 1928 674 lta-

1133 683 1191 744 bet.
1209 687 1283 746 llanc
1297 692 1379 756 sirim,
1402 708 1463 751 cum
1477 695 1558 753 homo
1572 700 1742 774 conderetur,
1768 710 1887 780 accepim
1903 721 1928 768 ct

1135 780 1270 847 peccando
1295 784 1387 855 utique
1413 788 1537 861 perdidit.
1571 793 1675 866 Accipit
1698 813 1762 872 ergo
1784 801 1926 876 iustitiam,

1134 881 1242 942 propter
1259 891 1338 946 quam
1353 876 1542 940 beatitudiuem
1557 885 1679 958 accipere
1693 905 1837 952 mereatur.
1852 896 1927 954 Unde

1132 965 1263 1020 voraciter
1275 966 1300 1022 ei
1310 968 1407 1025 dicitur
1417 971 1451 1026 ab
1459 971 1595 1042 Apostolo,
1607 979 1681 1048 quasi
1697 981 1730 1037 de
1744 1000 1793 1039 suo
1803 985 1876 1042 bono
1888 1003 1928 1044 su·

1132 1053 1237 1122 perbire
1250 1057 1400 1128 incipienti:
1418 1063 1487 1130 Quid
1495 1066 1562 1119 enim
1575 1068 1722 1142 debesquod
1730 1091 1780 1129 non
1790 1080 1927 1150 occepisti?

1131 1143 1163 1199 St'
1175 1157 1258 1202 antem
1277 1154 1402 1221 accepisti,
1428 1155 1488 1222 quid
1506 1157 1623 1230 gloriaris
1638 1165 1710 1232 quoti
1726 1182 1776 1223 aon
1798 1172 1926 1240 acceperit

1133 1234 1153 1310 (Ι
1166 1236 1224 1294 Cor.
1237 1257 1273 1309 tv,
1286 1242 1333 1313 lli
1347 1245 1458 1316 Quando
1468 1259 1556 1304 autem
1570 1251 1640 1310 bene
1654 1256 1810 1314 recordatur
1819 1259 1924 1317 Uonrini

1129 1328 1180 1395 sui,
1201 1330 1300 1401 Spiritu
1322 1334 1380 1405 ejus
1400 1348 1520 1408 accepto,
1547 1343 1627 1398 sentit
1651 1345 1770 1416 omnino,
1792 1352 1855 1420 quia
1874 1352 1924 1408 lroc

1128 1419 1206 1477 discit
1221 1424 1314 1479 intimo
1327 1429 1490 1500 magisterio,
1504 1433 1610 1488 nonnisi
1624 1435 1682 1504 cq'us
1695 1441 1810 1506 gratuito
1825 1441 1921 1498 allecte

1128 1526 1248 1580 possess
1260 1531 1382 1587 surgere,
1402 1521 1508 1577 norrnisi
1526 1538 1575 1580 stro
1596 1525 1745 1584 voluntario
1758 1529 1864 1587 deiectu
1879 1550 1922 1590 ca-

1127 1602 1191 1659 dere
1216 1606 1343 1677 potuisse.
1375 1609 1433 1665 Non
1459 1627 1523 1668 sane
1547 1615 1726 1673 reminiscitur
1750 1619 1921 1682 beatitudinis

1127 1710 1182 1750 suae
1199 1713 1206 1750 τ
1231 1698 1279 1753 iuit
1291 1701 1389 1775 quippe
1402 1703 1445 1757 illa
1458 1713 1485 1760 et
1497 1720 1549 1760 non
1565 1715 1615 1774 est,
1630 1709 1740 1786 ejusque
1750 1712 1800 1768 ista
1813 1715 1920 1786 penitus

1125 1784 1205 1842 oblita
1220 1797 1276 1854 est;
1303 1791 1416 1864 ideoque
1435 1810 1484 1851 nce
1498 1799 1701 1855 commemorari
1718 1811 1815 1872 potest.
1832 1805 1920 1862 Credit

1125 1888 1213 1934 autem
1228 1881 1261 1937 de
1280 1882 1324 1937 illa
1347 1885 1400 1941 lide
1421 1887 1507 1958 dignis
1522 1889 1628 1947 bitteris
1650 1893 1697 1948 Uei
1715 1896 1766 1962 sui,
1795 1913 1843 1968 per
1861 1900 1919 1971 ejus

1124 1971 1280 2042 proplietam
1293 1977 1461 2050 conscriptis,
1475 1983 1643 2038 narrantibus
1657 1984 1692 2041 de
1701 1983 1829 2045 felicitate
1841 2006 1918 2062 para-

1123 2062 1185 2130 disi,
1196 2073 1275 2136 atque
1290 2067 1352 2122 illud
1370 2071 1483 2140 primum
1497 2082 1523 2129 et
1536 2073 1634 2130 bonnm
1650 2077 1765 2134 bominis
1778 2089 1804 2136 et
1818 2082 1915 2138 malurn

1123 2149 1249 2209 historica
1270 2158 1411 2214 traditione
1424 2159 1612 2220 iudicantibus.
1637 2163 1741 2224 Uomiui
1758 2179 1847 2226 autem
1869 2173 1915 2230 bet

1122 2245 1163 2300 sui
1178 2247 1366 2304 reminiscitur.
1391 2252 1437 2307 llle
1450 2253 1547 2325 quippo
1569 2271 1676 2327 semper
1689 2270 1738 2326 est,
1763 2277 1812 2317 nec
1825 2263 1877 2319 luit
1890 2275 1916 2321 et

1122 2346 1237 2404 nonest,
1256 2355 1304 2394 uec
1318 2350 1396 2398 estet
1409 2359 1462 2398 uon
1478 2343 1526 2399 luit
1543 2365 1549 2402 :
1570 2347 1616 2403 sed
1630 2349 1697 2404 sicut
1712 2367 1844 2422 nunquam
1859 2371 1914 2412 non

1122 2430 1183 2495 erit,
1208 2433 1243 2486 ita
1267 2449 1402 2506 nunquam
1425 2452 1478 2493 non
1500 2449 1566 2494 erat.
1592 2439 1625 2496 m
1638 2441 1736 2514 ubique
1757 2453 1828 2502 totus
1847 2459 1912 2504 ast:

1121 2526 1313 2596 propterquod
1337 2527 1386 2584 ista
1401 2529 1426 2586 iu
1447 2529 1493 2585 illo
1511 2533 1621 2600 etririt,
1642 2545 1667 2590 et
1688 2549 1819 2604 movetur,
1832 2548 1915 2598 otest

1120 2617 1187 2683 (det.
1203 2634 1266 2688 xvu,
1288 2619 1354 2692 28l:
1379 2634 1406 2679 et
1432 2625 1492 2680 ideo
1511 2626 1647 2682 reminisci
1667 2627 1724 2698 ejus
1738 2637 1836 2700 potest.
1853 2631 1911 2689 Non

1119 2711 1179 2782 quia
1195 2711 1245 2768 lme
1256 2715 1419 2784 recordatur,
1434 2718 1506 2788 quod
1519 2733 1579 2774 eum
1592 2732 1700 2777 noverat
1711 2723 1738 2778 in
1754 2723 1849 2793 Adam,
1867 2734 1913 2782 aut

1119 2803 1180 2858 alibi
1194 2806 1288 2862 alicubi
1302 2817 1364 2865 aute
1378 2809 1458 2880 buius
1472 2813 1592 2886 corporis
1604 2815 1704 2882 vitam,
1718 2827 1764 2873 aut
1777 2834 1836 2874 cum
1859 2821 1912 2891 pri·

1117 2911 1191 2950 mum
1205 2897 1272 2953 iacta
1281 2908 1321 2955 est
1331 2908 1361 2956 ut
1373 2901 1536 2958 insereretur
1547 2903 1607 2960 huic
1618 2907 1723 2977 corpori
1737 2925 1743 2962 :
1759 2909 1827 2964 nilril
1839 2912 1910 2965 enim

1118 2985 1212 3042 luorum
1230 2991 1340 3046 omuino
1365 2993 1562 3064 reminiscitur;
1587 2997 1715 3070 quidquid
1743 2999 1836 3058 bomm
1859 3011 1910 3070 est,

1117 3081 1250 3138 obliuione
1263 3081 1377 3140 deletum
1392 3095 1442 3142 est.
1471 3087 1523 3143 Sed
1536 3099 1771 3160 commemoratur,
1796 3101 1825 3148 ut
1843 3111 1910 3150 eon·

1115 3183 1236 3230 vertatur
1248 3175 1281 3230 ad
1298 3177 1448 3246 Dominum,
1476 3191 1600 3252 tanquam
1615 3182 1649 3239 ad
1671 3199 1730 3241 eam
1753 3185 1839 3242 lucem
1859 3203 1909 3260 qua

1116 3265 1195 3319 etiam
1209 3281 1268 3320 crim
1281 3269 1373 3324 abillo
1387 3281 1553 3329 auerteretur
1564 3273 1679 3344 quodam
1695 3275 1774 3332 modo
1785 3279 1910 3350 tangeba-

1116 3362 1168 3410 tur.
1183 3357 1249 3412 Nam
1272 3361 1332 3415 binc
1351 3371 1390 3416 est
1405 3363 1567 3432 quodetiam
1581 3365 1653 3436 impii
1669 3369 1785 3439 cogitant
1798 3371 1906 3427 :eterni-

1115 3457 1208 3516 tatem,
1224 3461 1251 3506 et
1262 3453 1343 3509 multa
1360 3464 1433 3512 recte
1450 3457 1651 3528 reprehendunt
1663 3471 1789 3534 recteque
1801 3463 1909 3521 laudant

1110 3539 1141 3594 'in
1150 3538 1288 3598 bominum
1302 3545 1431 3602 moribus
1445 3549 1546 3617 Quibus
1558 3565 1588 3606 eo
1606 3553 1713 3609 taudem
1724 3557 1824 3628 regulis
1834 3556 1906 3628 iudi-

1113 3641 1183 3698 cant,
1206 3635 1255 3690 nisi
1278 3637 1416 3708 inquibus
1439 3640 1529 3696 rident
1549 3643 1773 3712 quemadmodum
1794 3650 1906 3720 quisque

1109 3723 1202 3782 'rivere
1215 3728 1329 3796 debeat,
1350 3733 1452 3788 etiamsi
1468 3749 1518 3790 neo
1531 3735 1581 3807 ipsi
1596 3737 1689 3794 eodem
1703 3741 1783 3796 modo
1796 3743 1906 3799 vivant?

1111 3815 1161 3873 Ubi
1180 3834 1226 3874 eas
1239 3822 1351 3878 videnti
1366 3823 1457 3896 Neque
1470 3827 1540 3882 enim
1552 3828 1578 3883 in
1591 3844 1638 3885 sua
1653 3839 1758 3900 natura,
1769 3848 1830 3889 com
1844 3849 1907 3905 pro-

1111 3909 1153 3964 cul
1180 3911 1261 3988 dubio
1283 3923 1372 3970 mente
1393 3916 1441 3971 ista
1462 3913 1611 3988 videantur,
1633 3935 1780 3994 eorumque
1802 3933 1906 3980 mentes

1110 4012 1215 4060 constet
1227 4020 1286 4060 esse
1300 4008 1450 4076 mutabiles,
1466 4010 1514 4065 lras
1528 4028 1592 4067 vcro
1609 4015 1713 4085 regulas
1725 4015 1906 4073 immutabiles

1110 4095 1207 4162 videat,
1221 4098 1340 4170 quisquis
1360 4099 1386 4155 in
1400 4101 1439 4156 eis
1453 4111 1480 4156 et
1490 4099 1540 4158 lroc
1553 4105 1643 4161 videre
1657 4108 1787 4177 potuerim
1813 4124 1862 4164 nec
1876 4110 1904 4164 iu

1108 4185 1198 4242 babitu
1218 4205 1273 4246 sua.
1296 4192 1403 4260 urerrtis,
1427 4209 1487 4248 eum
1512 4195 1564 4250 illae
1586 4196 1685 4268 regulae
1707 4197 1758 4253 sint
1776 4198 1903 4270 iustitie,

1107 4293 1211 4337 mentes
1237 4299 1302 4339 vero
1328 4300 1418 4340 eorum
1440 4297 1543 4344 constet
1560 4305 1619 4346 esse
1643 4291 1760 4362 injustas.
1782 4291 1903 4348 Ubinam

1107 4381 1170 4428 sunt
1183 4374 1348 4448 tstaeregulae
1364 4379 1479 4448 scripte,
1504 4379 1549 4436 ubi
1564 4381 1627 4452 quid
1642 4383 1676 4438 sit
1692 4381 1794 4454 justum
1812 4391 1840 4439 et
1858 4385 1903 4440 in·

1103 4461 1191 4534 justus
1215 4466 1344 4536 agnoscit,
1365 4468 1409 4523 ubi
1423 4471 1509 4525 cernit
1521 4469 1671 4527 habendum
1682 4489 1742 4530 esse
1756 4475 1829 4546 quod
1844 4477 1903 4547 ipse

1105 4570 1158 4609 non
1171 4555 1269 4612 habeti
1288 4556 1335 4614 Ubi
1349 4573 1412 4630 ergo
1425 4559 1530 4631 scriptae
1544 4572 1615 4629 sunt,
1640 4563 1691 4617 nisi
1710 4565 1737 4619 in
1750 4565 1821 4621 libro
1835 4567 1902 4622 lucis

1105 4645 1175 4704 illius
1189 4663 1249 4720 quar
1261 4649 1359 4704 veritas
1378 4649 1497 4706 dicitur?
1523 4651 1593 4708 unde
1606 4654 1692 4709 omnis
1711 4656 1753 4712 ler
1767 4657 1840 4728 justa
1854 4657 1903 4714 de·

1104 4740 1240 4808 scribitur,
1263 4750 1290 4797 et
1312 4743 1338 4798 in
1362 4743 1535 4802 corbominis
1554 4749 1597 4820 qui
1612 4760 1737 4819 operatur
1756 4753 1899 4822 justitiam,

1104 4848 1158 4887 non
1172 4831 1319 4902 migrando,
1334 4834 1381 4890 sed
1397 4839 1707 4912 tanquamimprimendo
1720 4845 1900 4912 craticiorum:

1103 4925 1172 4980 sicut
1184 4925 1269 4996 imago
1282 4941 1316 4982 ex
1327 4928 1427 4984 annulo
1436 4939 1462 4985 et
1473 4931 1499 4985 in
1511 4945 1598 4988 ceram
1613 4937 1719 5004 transit,
1730 4945 1758 4992 et
1769 4939 1901 4995 annulum

1103 5032 1156 5072 uon
1170 5017 1303 5088 relinquit.
1322 5018 1373 5088 Qui
1388 5036 1452 5076 vero
1465 5037 1517 5078 uon
1529 5033 1664 5094 operatur,
1678 5035 1705 5082 et
1721 5035 1812 5084 minen
1826 5031 1902 5086 videt

1102 5113 1165 5184 quid
1178 5115 1343 5184 operandum
1355 5119 1400 5186 sit,
1415 5119 1472 5190 ipse
1483 5122 1577 5191 estqui
1591 5121 1625 5177 ab
1633 5123 1675 5176 illa
1687 5122 1899 5193 lucearertitur,

1102 5224 1117 5263 a
1128 5225 1179 5280 qua
1193 5218 1282 5267 tamen
1293 5214 1416 5284 tangitur.
1430 5213 1479 5282 Qui
1489 5223 1578 5268 etitem
1587 5230 1636 5270 nee
1644 5215 1902 5290 videtquemadmo-

1088 5291 1089 5298 '
1101 5299 1164 5356 dnm
1177 5302 1211 5356 sit
1224 5303 1377 5371 vivendum,
1394 5303 1571 5360 excusabilius
1582 5305 1689 5374 quidem
1705 5314 1810 5376 peccat,
1833 5309 1900 5380 quia

1101 5405 1208 5452 nonest
1227 5407 1406 5468 transgressor
1423 5398 1550 5470 cognitm¹
1565 5398 1649 5470 legis:
1672 5397 1719 5456 sed
1743 5399 1824 5456 etiam
1840 5402 1902 5474 ipse

1100 5489 1241 5559 splendore
1254 5489 1392 5562 aliquoties
1402 5489 1499 5562 ubique
1511 5490 1651 5564 praesentis
1670 5492 1792 5550 veritatis
1815 5497 1902 5550 attin-

1099 5581 1180 5652 gitur,
1191 5581 1297 5655 quando
1309 5582 1460 5638 admonitus
1472 5583 1623 5640 confitetur.

1136 5672 1249 5729 carm
1265 5673 1333 5728 xvi.
1344 5703 1380 5717 -
1389 5671 1433 5729 22.
1446 5671 1537 5747 inrogo
1546 5675 1595 5730 liei
1603 5675 1728 5749 quomodo
1738 5680 1903 5752 reformatur

1134 5783 1760 5856 tstermmetpluesrusttrffim.
