4034 6334
104 361 173 429 libb
601 361 617 412 ·'
838 359 1020 424 merrom
1176 361 1180 368 '
1668 363 1741 426 {rga

105 483 226 542 luctuoso
240 485 354 547 ιιιαιιιιις
371 479 552 552 subjacentem
568 479 708 540 deuronlis
720 487 751 537 ut
762 479 848 537 lutum
862 479 895 536 l·
949 480 1064 540 eradere
1075 481 1154 542 aliter
1164 497 1219 544 non
1232 483 1328 556 potuit,
1349 480 1403 540 nisi
1424 481 1509 554 partis
1527 497 1584 540 suu
1601 478 1740 556 patoretur

105 555 184 680 pulo,
199 561 226 606 et
238 565 323 622 usquc
335 551 370 609 ad
384 562 486 624 turpem
500 565 641 636 pensorum
657 553 817 610 necessitato
834 567 894 622 per·
949 552 1155 621 detrimentum
1168 557 1229 640 quis
1240 554 1381 628 aliquando
1391 556 1488 626 poterit
1497 554 1637 613 dotalibus
1647 572 1743 616 nmen·

125 631 223 687 ιιιιιιιιι,
242 631 272 676 ιιι
290 623 316 679 in
336 637 432 693 pueros
449 633 477 680 et
488 625 604 695 uirgines
624 623 828 694 transfiguratus
840 622 895 678 dae·
948 625 1072 680 stuubus
1083 625 1208 682 liberarii
1227 628 1280 682 but
1293 626 1353 698 gub
1365 627 1417 682 erit
1429 626 1476 697 oui
1490 635 1672 698 protegatura
1686 630 1742 684 lieo

106 709 214 756 monum
232 692 370 750 libidinem
382 692 555 760 accenderet,
575 709 654 765 quern
667 694 794 766 predicat
812 689 896 748 ilani·
949 709 1003 750 non
1014 695 1160 752 ralerttese
1172 697 1259 769 ipsum
1273 697 1434 767 protegere?
1450 697 1504 753 hut
1516 697 1623 767 quando
1641 713 1685 754 me
1705 699 1742 756 de

106 765 204 825 choris.
220 765 273 819 huit
285 773 369 830 certe,
384 766 406 818 si
420 773 516 835 potest,
530 765 780 836 negetoonscientin
794 771 894 829 vostra,
949 763 1002 822 hac
1021 766 1180 824 necessitate
1200 768 1361 838 captivitatis
1382 767 1479 838 poterit
1501 767 1624 832 liberare,
1638 769 1684 840 qui
1698 783 1743 824 me

106 845 173 895 teste
186 835 341 892 uobisrero
360 835 415 890 beo
429 843 545 902 aterno,
559 837 604 906 qui
618 849 712 892 omnes
729 833 895 906 judicaturus
949 837 977 894 in
993 838 1103 907 integris
1121 838 1211 909 regnis
1231 838 1368 894 custodire
1388 853 1443 892 oon
1498 838 1568 892 tuiti
1590 838 1648 893 lion
1669 841 1742 894 enim

107 915 156 972 eet,
167 920 249 960 unum
259 905 371 960 istorum
385 905 461 962 vobis
475 907 539 976 ipsis
552 916 657 978 negme
949 917 1106 980 peccantem
1119 924 1163 964 me
1172 909 1235 965 inde
1248 908 1365 976 dimisit,
1380 908 1427 964 sed
1441 923 1457 963 a
1490 917 1597 977 peccata
1609 909 1686 977 ipsa¹
1699 924 1743 964 me

140 975 254 1034 CAPUT
274 974 390 1032 XLVlll.
403 1005 439 1018 -
456 977 485 1032 Sl
501 987 589 1033 autem
600 991 664 1034 rera
681 984 743 1032 tunt
757 989 817 1047 quae
831 973 897 1032 dici·
950 980 1033 1036 misit.
1056 982 1110 1034 but
1129 979 1235 1051 quando
1251 979 1317 1034 mihi
1330 980 1357 1033 in
1371 979 1466 1034 alienis
1480 978 1668 1034 miserabiliter
1678 993 1744 1033 con·

106 1063 175 1114 mua,
191 1047 298 1102 tandem
321 1047 456 1118 respicite,
478 1047 583 1103 taudem
596 1047 693 1110 videte,
715 1047 741 1100 in
761 1061 812 1170 prro
832 1045 896 1126 estis
949 1051 1043 1108 stituto
1057 1050 1185 1121 prodesse
1197 1051 1305 1122 poterit,
1319 1051 1365 1120 (ιιι
1377 1056 1406 1104 ιιι
1424 1049 1474 1104 sibi
1488 1048 1635 1119 prodesset,
1652 1048 1743 1105 moad

105 1117 350 1176 moneconstimti.
374 1119 492 1174 ilumilos
511 1127 608 1184 estote,
623 1119 646 1173 si
659 1116 756 1186 optatis
779 1117 894 1180 rberart.
950 1129 1051 1176 mittam
1065 1119 1212 1192 perniciem
1229 1120 1313 1186 dedit,
1329 1135 1365 1176 nc
1396 1127 1517 1189 ugnaret.
1532 1119 1562 1174 Si
1579 1120 1744 1188 incorrupti·

105 1199 132 1246 et
141 1189 225 1244 nuilite
234 1187 348 1259 superbe
359 1197 387 1244 et
399 1189 479 1259 impie
489 1188 589 1256 dicere,
601 1203 649 1244 ros
659 1189 731 1258 ipsos
742 1201 802 1243 este
812 1187 895 1242 ocum
950 1191 1011 1247 hilis
1024 1199 1066 1247 est
1079 1192 1137 1261 ipse
1149 1193 1229 1257 heus,
1248 1191 1312 1262 quid
1331 1190 1355 1245 ei
1374 1135 1475 1245 iietura
1489 1199 1547 1245 erat
1560 1190 1603 1244 iila
1617 1190 1680 1245 mali
1694 1203 1744 1244 na·

105 1261 325 1331 omnipotentem.
339 1257 396 1314 iioo
409 1260 480 1315 enim
492 1259 590 1326 dicitis,
604 1273 664 1314 oum
677 1257 780 1314 artimus
792 1263 915 1312 vestras·
951 1269 1022 1326 tura,
1036 1264 1060 1318 si
1072 1263 1155 1318 nollet
1167 1276 1228 1318 cum
1242 1261 1286 1316 illa
1299 1275 1427 1332 pugnare,
1439 1275 1474 1316 ne
1488 1276 1560 1316 norro
1569 1275 1620 1330 ego
1631 1259 1670 1316 sir
1681 1275 1744 1317 cru.

105 1339 194 1404 partes
204 1330 263 1399 eius
274 1343 335 1386 esse
344 1330 504 1386 asseveratis
518 1347 524 1384 :
538 1327 595 1385 non'
609 1331 680 1384 enim
696 1329 766 1384 heus
783 1327 809 1382 in
821 1336 897 1398 parte
951 1333 1057 1390 cinrerl
1070 1335 1123 1389 hut
1135 1347 1195 1403 quo
1207 1332 1257 1387 ista
1271 1333 1409 1402 injustitia,
1419 1339 1448 1386 ut
1456 1329 1489 1386 ad
1501 1331 1610 1402 globum
1620 1332 1743 1396 damner,

105 1398 897 1528 rutiliumttttd:illitteratura·lto
950 1399 1786 1543 redhibuitllltlittiitltilcolbo·

105 1541 316 1613 incorruptibilis
328 1510 449 1605 est,⁹nos
463 1541 651 1612 cupiditatibus
663 1539 762 1597 nostris
774 1553 896 1595 corrum-
952 1545 1021 1614 ipse,
1033 1545 1159 1616 quoniam
1173 1558 1236 1614 pars
1250 1543 1308 1614 eius
1321 1558 1392 1608 sum,
1406 1542 1479 1597 nollo
1492 1544 1519 1596 in
1532 1541 1621 1612 regnis
1630 1539 1688 1612 ejus
1701 1541 1745 1594 iu-

105 1613 192 1684 pimur
204 1629 211 1666 :
225 1612 294 1669 Deus
304 1611 534 1682 incoinquinabilis
543 1619 594 1680 est,
609 1627 659 1667 nos
674 1610 788 1682 peccatis
798 1607 897 1664 nostris
951 1613 1073 1686 signibus
1094 1614 1230 1684 indigente
1256 1621 1303 1668 aut
1328 1612 1436 1668 iuitrmo
1457 1613 1614 1676 constituto,
1641 1609 1745 1666 uicibus

105 1684 310 1754 coinquinamur
326 1699 334 1736 ι
350 1683 420 1738 Deus
430 1683 488 1752 ipsa
502 1682 632 1753 sapientia
646 1693 697 1750 est,
714 1693 764 1736 uos
777 1679 850 1736 stulti
864 1678 898 1734 ad
952 1685 1032 1740 istam
1049 1685 1185 1740 miseriam
1201 1684 1340 1753 patiamur,
1353 1690 1382 1737 ut
1395 1691 1422 1738 et
1434 1697 1484 1751 ego
1493 1681 1684 1752 aliquantulum
1703 1696 1746 1736 rc·

104 1753 899 1894 rddirdtidhtbalziltbmtiitt
952 1752 1749 1894 adiddtothhbtltrttlhtoit:aalo

105 1902 229 1964 optamus
247 1863 313 1950 lieri
322 1892 393 1950 beati
406 1912 412 1949 :
423 1908 477 1950 rron
490 1909 553 1966 ergo
565 1909 657 1949 sumus
668 1908 731 1966 pars
742 1860 899 1972 substanftige
953 1896 980 1950 in
994 1866 1074 1966 giobo
1085 1842 1144 1967 ipio
1158 1894 1261 1949 inclusa
1277 1893 1405 1949 custodiri
1418 1893 1512 1962 possit.
1528 1893 1559 1948 Si
1572 1893 1644 1948 enim
1658 1891 1748 1946 iocor·

105 1967 173 2034 ejus.
188 1965 217 2022 Si
229 1965 301 2021 euim
314 1973 403 2034 partes
414 1965 473 2036 ejus
482 1965 557 2032 estis,
569 1973 597 2020 et
609 1963 667 2019 bec
680 1971 751 2019 ιιιιιιιι
763 1963 896 2033 patimmr,
953 1975 1031 2036 rupta
1044 1981 1126 2038 regna
1139 1965 1268 2035 corrupit,
1290 1973 1317 2019 et
1336 1963 1489 2018 inviolatam
1508 1963 1556 2017 oet
1570 1963 1749 2017 substantiam

105 2045 189 2092 restat
203 2044 231 2091 ut
243 2036 339 2107 etipse
350 2035 406 2106 jam
420 2050 454 2091 ex
468 2043 543 2106 parte
556 2034 614 2091 bec
627 2035 715 2090 omnia
730 2033 855 2102 patiatur,
872 2039 900 2086 ot
952 2037 1079 2102 violarim
1092 2034 1226 2108 quomodo
1236 2047 1299 2104 pars
1308 2033 1352 2088 illa
1366 2034 1442 2096 lucis,
1455 2031 1507 2087 boc
1516 2041 1569 2098 est,
1580 2033 1676 2086 animae
1685 2045 1749 2102 pec·

105 2106 221 2177 amplius
237 2106 292 2176 pali
312 2107 445 2178 potuerit,
459 2107 531 2176 cuod
545 2107 603 2176 ejus
615 2104 744 2174 coritingit
755 2103 834 2172 porti,
848 2100 899 2154 nisi
954 2107 1079 2172 catrices,
1102 2121 1162 2177 qua
1181 2105 1283 2160 uitiatae
1303 2103 1384 2174 globo
1402 2101 1578 2167 custodiendo
1601 2102 1749 2172 inligentur

105 2189 154 2247 per
175 2185 290 2234 rostram
314 2177 449 2233 miseriam
472 2177 523 2233 sibi
546 2175 707 2245 provideret.
735 2171 827 2227 Videte
848 2183 897 2250 ros
954 2177 1069 2234 intirmm
1081 2191 1113 2232 ue
1125 2175 1245 2240 debiles,
1260 2174 1395 2242 quomodo
1405 2189 1458 2228 non
1468 2171 1646 2228 absorbentur
1658 2171 1693 2224 ah
1704 2185 1747 2237 ea,

104 2245 583 2372 irritamentorum
590 2241 765 2383 trudan
777 2241 900 2377 orsu
954 2240 1750 2384 ιιιιιιιιιιιιιιιιιιιιιιιιιιιιιι

103 2401 165 2442 rum
189 2357 360 2455 corruptione
381 2385 542 2454 turpamini?
564 2381 592 2439 Si
611 2391 702 2439 autem
720 2379 782 2436 lacti
802 2380 836 2436 ab
854 2379 900 2436 iilo
954 2387 1072 2456 beilum,
1092 2388 1199 2460 quanm
1211 2375 1272 2444 rum
1285 2385 1330 2440 illa
1344 2395 1492 2458 parteque
1510 2389 1679 2454 processerat
1692 2389 1749 2436 tam

104 2457 189 2520 estis,
204 2455 256 2512 boc
270 2455 443 2520 confitemini,
457 2464 484 2510 et
498 2453 615 2524 uoniam
628 2453 704 2510 eritis
716 2450 863 2507 obruebat.
954 2459 1046 2529 inique
1059 2468 1149 2514 aurum
1163 2467 1215 2525 est,
1227 2465 1259 2512 ut
1279 2470 1329 2527 pro
1345 2456 1405 2523 ejus
1425 2454 1518 2526 mquie
1538 2454 1580 2508 sui
1601 2453 1696 2508 cives¹
1714 2450 1750 2507 ad

139 2525 255 2582 CAPUT
273 2525 367 2581 lith.
378 2524 585 2580 *Manichacus
597 2525 669 2580 ooitn
683 2523 752 2578 duas
764 2521 828 2576 dicit
839 2533 900 2577 08⁸0
954 2532 1146 2600 sempiternam
1169 2528 1241 2599 globi
1263 2525 1412 2582 custodiam
1433 2524 1642 2580 damnarentur?
1656 2525 1712 2578 Aut
1724 2521 1748 2578 si

104 2605 225 2661 naturas,
239 2611 319 2652 unam
331 2596 429 2654 bonam
441 2604 468 2651 et
481 2595 592 2650 alteram
603 2595 699 2650 malam
711 2610 718 2646 ι
730 2594 827 2648 honam
839 2605 900 2662 qne
954 2613 1008 2656 non
1028 2607 1117 2670 pomer
1133 2611 1308 2669 perrumpere
1324 2596 1445 2667 globum,
1458 2604 1490 2649 ιιι
1503 2595 1537 2648 ad
1548 2593 1666 2649 lucidum
1681 2591 1749 2647 iilud

102 2666 324 2730 sorbillandum.
345 2665 442 2728 maiam
456 2665 490 2721 dl
502 2679 555 2735 lua
573 2665 657 2720 filius
673 2672 715 2720 0⁵¹
732 2662 855 2718 munim·
871 2662 900 2717 Si
954 2671 1098 2727 tectorium
1116 2671 1307 2725 'damnatarum
1333 2667 1482 2721 animarum
1503 2662 1660 2736 perveniat,
1686 2662 1751 2733 quid

104 2747 196 2794 autem
218 2752 267 2792 ros
289 2737 359 2793 [leus
380 2736 453 2802 lecit,
468 2749 521 2790 non
535 2735 636 2804 invenit
654 2731 816 2789 manicheus
830 2732 900 2787 uude
954 2755 1024 2811 opus
1034 2755 1094 2797 erm
1104 2751 1147 2796 esu
1157 2737 1264 2808 contegi
1274 2735 1426 2792 diuinorum
1435 2734 1606 2790 damnatione
1614 2731 1750 2790 membro·

103 2823 153 2864 ros
172 2808 246 2864 ileos
267 2807 368 2864 lecerit.
389 2806 418 2863 Si
437 2805 561 2862 enimde
578 2820 608 2860 se
627 2805 685 2876 ipso
698 2819 747 2859 ros
760 2801 832 2868 lecit,
848 2801 901 2858 boc
954 2811 1036 2868 rum?
1053 2811 1081 2867 si
1095 2819 1184 2866 autem
1201 2815 1291 2878 puteat
1303 2819 1478 2877 perrumpere
1497 2805 1623 2874 globum,
1644 2804 1706 2872 ouis
1724 2803 1750 2858 ei

104 2879 171 2934 estis
186 2877 259 2960 quod
269 2878 335 2949 ipse.
349 2877 407 2962 lion
420 2891 486 2961 ergo
498 2875 628 2960 debuistis
642 2883 713 2930 ιιιιιι
729 2881 899 2956 peccalorum
954 2883 1063 2938 resistet
1083 2881 1199 2944 saucius,
1215 2879 1262 2960 qui
1284 2878 1401 2946 integros
1426 2875 1570 2957 setaciarii!
1597 2874 1678 2956 libsit'
1695 2881 1748 2928 tam

104 2943 901 3096 elizaeum·etitammmmm
954 2943 1751 3096 ιιιιιιιιιιιιιιιιιιιιιιιιιιιι

104 3103 153 3146 V⁰⁸
166 3087 374 3158 ¹0⁰i²l¹¹⁰m⁰d⁰
385 3086 524 3144 mundum·
539 3087 568 3142 Si
580 3095 668 3143 aulem
680 3101 731 3141 ¹¹0⁰
741 3085 775 3140 de
784 3098 814 3140 ὅθ
829 3097 898 3154 ¹9³⁰,
954 3093 1062 3165 negotio
1076 3091 1214 3148 mortilero
1226 3104 1274 3145 uos
1292 3087 1441 3159 implicare.
1457 3085 1550 3158 Fugite
1564 3085 1750 3148 Manicheum,

105 3175 155 3216 nec
169 3159 204 3216 de
216 3158 305 3215 alieno
318 3173 367 3214 ros
381 3157 455 3226 lent,
469 3158 516 3214 sed
532 3164 633 3213 tantum
646 3155 900 3226 omnipotentiosua
955 3174 983 3220 er
1001 3163 1166 3220 reperirem,
1190 3159 1329 3218 romonem
1348 3158 1432 3216 ubere
1453 3163 1508 3216 2020
1529 3147 1664 3214 desiderio
1683 3169 1750 3212 con·

105 3231 200 3294 voluit,
215 3229 318 3285 stracti
333 3229 413 3294 estis;
427 3229 478 3284 hoc
492 3227 572 3284 dicite
586 3225 741 3291 hantonae,
757 3233 784 3281 et
798 3239 900 3280 renun·
956 3235 1054 3292 popm,

104 3301 169 3356 tiate
181 3299 241 3371 ejus
254 3299 348 3354 errori.
361 3297 406 3355 Sic
415 3299 493 3354 decet
503 3299 574 3354 enim
587 3297 803 3368 omnipotentem
811 3293 900 3351 lacere

104 3386 165 3440 quae
179 3369 304 3435 uoluerit,
316 3369 385 3424 sicut
398 3367 533 3424 Gatlrolica
548 3367 624 3435 dixit,
639 3367 700 3438 lpse
712 3367 786 3434 dicit,
797 3375 822 3421 et
831 3369 901 3438 [uoto
987 3394 995 3425 ι
1012 3392 1179 3442 epm-mg
1188 3397 1229 3439 m,
1254 3388 1261 3402 ·
1305 3363 1332 3436 ,'

104 3451 181 3506 aunt,·
194 3441 204 3494 ι’
260 3438 388 3493 mndcoil
401 3448 425 3493 et
437 3447 521 3493 creola
533 3447 592 3492 aunt
605 3435 690 3508 (Paul.
701 3452 785 3503 urit,
797 3433 836 3510 a).
854 3435 901 3490 ili·
986 3456 998 3488 ι
1012 3454 1080 3503 mem
1090 3452 1184 3512 mg,
1196 3457 1221 3500 gg
1232 3401 1392 3514 'mrem
1402 3443 1560 3517 mereremur
1569 3440 1750 3506 marmana,

105 3511 158 3566 cite
171 3525 208 3565 uo
228 3510 260 3576 is,
281 3507 339 3564 ilon
358 3522 450 3564 sumus
467 3515 557 3579 partes
574 3507 642 3578 ejus,
656 3507 704 3562 sed
715 3521 807 3561 sumus
818 3519 900 3574 opera
955 3522 1004 3570 eru,
1016 3515 1060 3566 am
1070 3521 1137 3577 uas,
1157 3517 1185 3565 ut
1199 3511 1254 3576 ejur
1270 3509 1353 3576 regorio
1370 3505 1432 3560 mlh
1445 3519 1484 3560 aaa
1500 3518 1570 3558 coer·

105 3581 174 3653 ejus
192 3578 380 3648 [licite-robis,
396 3577 425 3635 Si
439 3578 510 3636 ocur
524 3577 684 3635 necessitate
695 3591 791 3649 passus
805 3583 856 3643 cst,
872 3581 900 3630 et

105 3681 1732 3732 .......-..--------—-----·-·-·············
1745 3693 1752 3714 ,

457 3785 685 3852 tortortluro
705 3785 747 3848 lo
768 3775 1112 3848 eoumoulrottrool
1132 3768 1393 3848 subauctione.

137 4050 195 4108 sub
217 4047 360 4120 Augustini
379 4045 488 4102 nomine
501 4041 636 4113 uulgatum
656 4049 699 4098 est
720 4041 748 4096 in
770 4037 927 4112 Appendice
947 4034 982 4093 ad
1003 4033 1137 4091 decimum
1160 4036 1264 4084 tomum
1281 4037 1393 4096 operum
1413 4019 1443 4078 S.
1458 4015 1600 4124 hugustiui
1621 4012 1748 4070 editionis
1780 4013 1787 4025 ’

104 4144 232 4216 perlectae
253 4153 324 4196 anno
338 4138 419 4195 loeo.
436 4135 513 4193 Circa
532 4133 605 4191 idem
628 4141 734 4206 tempus
757 4132 808 4189 luit
831 4132 915 4188 etiam
938 4131 1099 4202 procurante
1120 4121 1235 4179 baronio
1258 4120 1285 4174 in
1310 4116 1374 4173 torni
1391 4121 1478 4186 qutun
1495 4109 1641 4168 donabunt
1660 4107 1753 4214 Eccle-

104 4236 275 4293 siasticorum
294 4229 447 4302 Appendioe
469 4225 632 4300 publicatum
655 4241 688 4284 ex
710 4231 803 4283 uetere
824 4222 916 4280 codice
936 4219 1092 4280 Gerraaiam
1112 4214 1218 4287 collegii
1233 4209 1410 4270 ·Parisicnsis.
1431 4205 1509 4263 Nunc
1531 4204 1639 4261 demum
1662 4202 1753 4308 produt

78 4321 82 4332 '
105 4329 273 4400 recognitum
288 4323 442 4394 diligentius
459 4321 494 4379 ad
512 4321 649 4393 exemplar
671 4319 743 4392 quod
764 4319 792 4375 in
811 4316 970 4374 bibliotheca
992 4315 1091 4386 reginae
1110 4310 1253 4369 christinae
1273 4313 1436 4372 asseruntur,
1451 4315 1555 4378 necnon
1572 4298 1606 4354 ad
1626 4297 1752 4401 {raspert

104 4419 244 4491 cuiusdam
263 4433 297 4476 ex
319 4415 473 4474 umatum
495 4413 619 4474 conrasi
641 4411 903 4480 ammonitiones,
927 4421 997 4480 quos
1020 4404 1105 4465 edidit
1126 4399 1284 4462 sirmondus
1305 4399 1335 4456 iu
1359 4404 1433 4456 tonm
1455 4393 1544 4467 primo
1569 4389 1751 4450 oouotiomm

105 4511 210 4571 Gallie.

366 4935 369 4944 ¹
487 4744 1363 5036 Commoppffoutum

130 5134 344 5227 sanctu
379 5133 706 5222 nocuerim
742 5129 1011 5218 eruceri
1035 5124 1327 5216 nocensne
1353 5101 1726 5207 economum,
1762 5085 1766 5092 ’

405 5311 560 5370 000110Βο
580 5311 630 5360 ott·
650 5311 806 5359 aenou!
826 5311 893 5360 GU!
913 5307 1098 5362 lamonia
1118 5306 1174 5363 QUI
1193 5299 1459 5353 colomarium.
1531 5316 1537 5327 ·

825 5465 1038 5524 m

139 5613 210 5670 lium
229 5607 378 5676 blanichei,
392 5610 437 5682 oui
450 5618 659 5677 conuertuntur,
674 5621 702 5669 et
713 5625 781 5684 qnos
792 5612 906 5683 puniret
956 5614 1039 5670 olosia
1054 5610 1098 5667 rel
1117 5606 1310 5674 catechumeni,
1322 5605 1364 5663 rel
1379 5603 1534 5676 penitentis
1549 5602 1636 5660 locom
1646 5619 1653 5669 ;
1664 5601 1700 5686 ‘si
1718 5600 1753 5656 ii-

103 5681 187 5754 nujus
200 5679 386 5738 nefandissimi
405 5683 515 5750 erroris,
535 5682 765 5740 anathemaverint
779 5682 903 5740 eamdem
956 5683 1043 5740 bellus
1052 5682 1111 5752 eius
1121 5681 1246 5754 episcopo
1257 5678 1396 5748 placuerit,
1408 5681 1524 5747 eumque
1536 5679 1694 5743 susceperit,
1705 5672 1752 5728 det

103 5753 232 5812 heresim
249 5753 396 5808 secundum
406 5751 519 5808 lormam
534 5752 602 5809 inira
615 5755 752 5823 scriptam,
769 5753 905 5812 libellum·
956 5755 982 5812 ei
996 5753 1138 5824 epistolam
1150 5765 1211 5808 cum
1224 5751 1268 5806 die
1279 5759 1305 5806 et
1325 5749 1446 5812 consule,
1459 5756 1490 5803 ut
1511 5743 1650 5828 neone-do
1669 5757 1752 5826 supe·

103 5843 159 5898 que
181 5823 290 5881 dederit
311 5824 492 5896 unusquisque
511 5826 835 5884 eorumconieasiooisct
848 5841 905 5896 pm-
956 5826 1159 5894 riorctempore
1168 5823 1283 5891 aliquam
1294 5821 1456 5885 molestiam,
1466 5819 1508 5873 rel
1516 5818 1629 5890 publtrrs
1638 5813 1751 5884 tegibus,

104 5896 228 5958 nitentia
242 5904 390 5964 sumatque
403 5895 696 5972 anathematismum,
710 5897 903 5972 petemiuilc·
957 5896 1001 5960 rcl
1015 5893 1155 5978 obcpoua
1175 5892 1358 5958 cerebrosa
1376 5891 1504 5968 patiatur.
1525 5887 1561 5950 bt
1579 5895 1642 5959 post
1663 5885 1752 5958 illim
1838 5894 1842 5903 '
