4034 6334
22 279 24 314 l

103 344 141 402 que
155 323 327 412 mosiderat,
342 323 468 402 quisquis
480 319 625 394 blaoichree
642 327 743 380 temere
763 317 916 390 eredidit,

102 424 146 480 sinc
155 419 325 477 dubitatione
338 417 488 490 cognoscit,
502 429 563 471 eum
576 414 609 471 de
622 413 679 470 istis
691 414 792 473 natttris
804 413 889 488 lequi-

104 527 143 582 tur,
158 513 188 569 dc
200 511 282 568 hortis
294 511 458 584 quibusdam
472 524 502 566 se
514 508 596 580 loqui,
610 506 658 564 sed
671 522 724 565 non
739 508 850 564 summis
862 513 889 562 ιι

103 605 262 670 inlubricatis,
275 605 349 660 sicut
360 611 405 660 est
416 603 483 660 heus
495 615 547 655 una
557 597 691 674 Trinitas,
706 615 792 670 neque
804 597 838 656 de
848 597 890 656 his

22 719 24 742 ι
104 695 222 756 lubricatis
237 712 301 773 quae
318 693 470 752 sublimiter
490 691 611 749 ordinata
631 699 710 758 sunt,
731 690 810 748 sicuti
829 697 892 749 sunt

103 789 184 862 lugeli
195 786 284 864 saneti
297 796 326 844 et
337 784 500 842 beatissimae
510 791 673 856 potestates:
687 781 734 839 sed
747 781 783 855 de
793 781 891 838 infimis

105 891 126 937 ct
135 895 178 954 pro
192 880 232 934 sui
245 878 357 952 generis
370 875 478 931 medule
492 875 518 930 in
533 875 587 930 ime
600 889 689 946 rerum
703 872 831 928 ordinatis
845 871 893 928 he-

104 977 151 1040 uis;
162 988 220 1046 quac
230 971 297 1027 dum
309 975 499 1040 comparantur
508 966 701 1038 superioribus,
712 961 893 1048 vituperandae

103 1069 130 1124 eb
141 1065 273 1138 inmeritis
284 1062 490 1128 existintantur;
504 1070 531 1117 et
541 1063 602 1117 dem
613 1059 798 1118 consideratur
809 1074 893 1131 quart-

104 1159 204 1218 tumbis
217 1159 291 1215 desit
300 1157 375 1227 boni,
391 1153 462 1230 qued
472 1155 526 1210 illis
539 1153 623 1222 adest,
638 1153 759 1228 ejusderq
772 1153 835 1230 betti
847 1152 893 1208 ab·

104 1256 178 1311 sentia
202 1253 269 1318 mali
292 1267 393 1310 nomeu
414 1257 497 1306 tenet.
519 1247 554 1305 Et
567 1263 617 1322 ege
631 1247 737 1322 quidem
753 1254 893 1318 propterea

104 1350 136 1404 sic
148 1346 181 1402 de
195 1346 257 1402 istis
271 1343 375 1400 naturis
390 1342 512 1412 disputo,
529 1339 653 1412 quoniam
673 1353 704 1394 ea
724 1337 894 1408 nominantur

105 1455 155 1512 quac
167 1437 195 1493 ιιι
206 1437 259 1494 hoe
272 1433 373 1506 tpuude
387 1439 450 1489 ιιοιι
462 1438 523 1487 sunt
533 1431 619 1486 nohis.
633 1428 760 1486 Novimus
771 1428 841 1484 crtim
856 1436 895 1483 tc-

105 1532 203 1596 uebras,
215 1543 309 1599 aquas,
320 1535 427 1593 ventos,
439 1525 537 1596 ignem,
549 1522 668 1590 luutum;
682 1523 804 1578 novitmrs
813 1522 894 1576 etiam

104 1622 221 1677 an'ttttalia
233 1619 387 1691 serpentia,
403 1617 535 1682 rtatoutia,
552 1615 686 1684 velantia,
701 1613 892 1688 quadrupedia,

105 1715 204 1788 bipedia
218 1731 226 1772 ι
240 1713 267 1768 in
283 1713 379 1784 quihus
393 1709 534 1777 erunibus,
547 1707 666 1782 exeeptis
682 1707 807 1774 tenebris,
824 1721 893 1778 quae,

106 1816 132 1862 ιιι
151 1807 219 1876 diri,
234 1803 303 1866 nihil
322 1813 384 1859 sunt
406 1801 478 1858 aliud
498 1816 577 1874 quant
596 1798 663 1856 lueis
681 1799 819 1868 absentia,
835 1815 895 1872 queo

106 1899 183 1954 ecelis
197 1912 251 1953 neu
264 1894 381 1951 videndo
393 1893 597 1958 discernuntur,
612 1892 679 1947 sieut
697 1891 832 1946 silentium
847 1905 894 1946 au-

106 1991 173 2046 tibus
186 2004 240 2044 nott
254 1985 407 2052 audiettdo;
424 2000 477 2040 nen
491 1965 551 2056 quia
566 1981 683 2038 tenebrae
702 1990 764 2037 sunt
784 1980 893 2052 aliquid,

106 2081 146 2139 scd
160 2081 222 2152 quia
236 2078 284 2135 lux
298 2093 351 2148 nen
366 2085 426 2143 est;
449 2075 517 2132 sicut
539 2089 594 2129 non
616 2074 677 2148 quia
699 2073 833 2129 silentium
855 2080 897 2129 est

107 2157 216 2245 aliquid,
230 2171 279 2228 sed
292 2169 354 2242 quia
369 2183 453 2224 sonus
468 2183 520 2222 nen
534 2174 596 2222 est:
612 2165 729 2236 exeeptis
741 2180 805 2238 ergo
819 2171 895 2220 teue-

107 2265 154 2320 bris
174 2266 201 2320 in
222 2262 274 2319 hae
292 2260 507 2327 enumeratione,
525 2266 630 2314 caeterea
653 2265 756 2313 naturae
777 2263 854 2328 sunt,
870 2266 897 2313 et

107 2357 222 2414 omnibus
241 2365 331 2422 netae;
350 2368 463 2425 quarum
482 2351 616 2421 speeiem,
632 2349 693 2424 quia
711 2349 738 2405 itt
753 2357 896 2420 qnantum·

109 2464 213 2520 iureque
225 2456 278 2519 est,
294 2443 433 2500 laudabilis
447 2451 473 2498 et
484 2441 552 2496 hona
565 2449 616 2506 est,
629 2457 707 2496 nemo
719 2440 834 2517 prudens
847 2439 896 2496 ah-

111 2543 200 2598 rlienat
213 2541 247 2595 ah
261 2548 371 2594 auctore
386 2535 504 2593 emnium
519 2534 650 2592 benorum
664 2535 729 2589 Deo.

138 2631 249 2689 uetur
268 2628 380 2686 xxxii.
394 2658 429 2670 -
441 2627 486 2684 dd.
503 2626 662 2681 Monirhreut
683 2642 713 2680 ea
732 2626 763 2681 iis
783 2641 840 2698 quor
856 2625 897 2678 ιιι

109 2727 173 2794 cidit,
187 2723 314 2780 ordinauit
326 2737 372 2776 suu
386 2721 573 2792 phantesmata.
587 2717 654 2774 Nam
669 2717 713 2772 ille
725 2716 896 2786 Manichacus,

110 2817 261 2876 sicutvoluit
272 2824 381 2870 naturas
392 2827 457 2884 quas
467 2810 510 2866 hic
519 2809 613 2866 didicit
623 2811 631 2841 ¹
643 2809 766 2864 ordinare
777 2809 801 2863 in
813 2805 896 2880 pluan-

113 2909 258 2967 tasmatibus
273 2907 346 2974 suis,
361 2903 476 2960 velutin
491 2910 570 2974 gente
584 2903 773 2970 tenebrarum,
788 2899 898 2958 omniuo

112 3003 187 3059 falsus
208 3015 267 3058 csse
288 2997 467 3054 convincitur.
490 2995 597 3062 Primo,
617 2993 678 3066 quia
702 2993 817 3048 tenebrae
832 2991 899 3048 ttiltil

113 3105 213 3168 possunt
225 3095 344 3166 gignere,
360 3096 388 3144 ut
400 3087 499 3143 dietum
512 3093 563 3142 est.
577 3083 630 3142 Sed
643 3099 695 3140 nnn
711 3085 787 3150 tales,
802 3083 897 3158 inquit,

113 3197 182 3245 ιιιιιι
198 3187 251 3243 illa
273 3183 409 3250 tenebrae,
431 3181 523 3252 qttalcs
537 3179 580 3234 ltic
594 3179 673 3234 nosti.
688 3177 764 3234 Uttdc
778 3191 842 3248 ergo
856 3192 900 3232 me

113 3279 141 3335 de
153 3279 204 3334 illis
218 3275 318 3333 deeesi
332 3273 373 3328 Art
388 3271 457 3328 lerte
470 3281 523 3326 tam
536 3271 666 3327 verbosus
680 3269 807 3325 doetrinae
821 3269 900 3340 polli-

114 3371 200 3426 citator
214 3368 288 3440 cogis
305 3374 336 3420 ut
348 3363 477 3421 credam?
499 3362 551 3418 Sed
572 3361 613 3418 lae
634 3375 678 3417 me
699 3359 818 3416 eredere.
834 3359 900 3416 lllud

115 3474 193 3520 tautee
207 3462 275 3530 seio,
289 3457 362 3532 quod
376 3459 398 3514 si
411 3472 464 3513 neu
478 3454 612 3511 habehant
622 3453 738 3524 aliquam
751 3453 867 3524 speeiem
877 3453 900 3521 ¹,

114 3561 174 3614 sicut
192 3559 251 3614 istae
270 3573 326 3612 nort
348 3555 462 3619 hahent,
477 3551 541 3607 nibil
556 3564 685 3622 generare
701 3556 843 3620 potuerunt
857 3565 863 3602 ι
879 3546 902 3602 si

114 3661 193 3706 autem
210 3647 357 3715 habebant,
372 3645 497 3702 meliores
508 3649 594 3700 erant.
609 3639 649 3698 Tu
661 3651 749 3695 autem
762 3654 822 3694 eum
835 3639 903 3694 dicis

114 3758 162 3798 uon
177 3740 259 3797 luisse
274 3740 361 3809 tales,
375 3737 451 3809 quasi
466 3735 573 3808 pejores
596 3731 698 3804 aliquas
721 3729 793 3787 credi
816 3729 901 3800 cupis.

114 3833 204 3890 Posses
224 3833 314 3889 dicere
333 3831 415 3887 etiam
431 3828 582 3894 silentium,
603 3823 673 3896 quod
688 3823 727 3880 sic
741 3832 782 3878 est
795 3822 904 3878 auribus

114 3937 139 3984 ut
150 3927 268 3985 tenebrae
283 3923 377 3989 oculis,
394 3921 480 3992 aliqua
494 3921 533 3978 ihr
544 3918 623 3974 surda
637 3917 678 3972 vel
694 3925 765 3972 muta
781 3915 904 3971 animalia

114 3998 234 4092 genuisse
248 4037 254 4072 :
269 4025 373 4073 etcum
388 4013 435 4069 tihi
448 4012 581 4067 diceretur
592 4025 644 4064 neu
658 4023 717 4064 esse
730 4009 844 4079 aliquam
858 4022 906 4061 na·

114 4121 196 4166 turam
208 4107 356 4174 silentium,
369 4103 555 4176 responderes,
568 4100 621 4158 Sed
633 4117 686 4157 tten
698 4102 749 4157 tale
759 4099 904 4169 silentium,

115 4207 188 4277 quale
201 4205 245 4260 hie
262 4201 352 4269 nesti;
371 4209 402 4255 ut
421 4199 530 4252 otmdne
548 4195 618 4268 qued
640 4196 721 4252 velles
744 4194 847 4250 diceres
867 4193 907 4250 eis

113 4315 175 4370 ques
189 4297 286 4363 semel,
301 4308 332 4353 ut
344 4295 392 4350 tibi
406 4291 558 4359 crederent,
572 4289 734 4360 decepisses.
749 4287 906 4359 Quanquam

113 4390 222 4465 idqued
243 4405 307 4448 eum
329 4387 452 4453 induxit,
474 4392 503 4439 ut
517 4383 543 4438 in
559 4382 675 4438 tenebris
693 4381 826 4452 serpentia
846 4388 907 4436 nata

114 4502 170 4542 esse
185 4483 371 4553 contingeret,
386 4480 412 4534 in
426 4477 491 4549 ipsis
503 4475 610 4546 quidem
627 4471 777 4544 primordiis
792 4487 908 4528 nascen-

115 4581 176 4632 tium
189 4575 281 4648 potuit
292 4573 362 4628 hene
375 4568 559 4625 animadverti.
572 4563 625 4622 Sed
638 4572 700 4619 sunt
712 4570 852 4636 serpentes
863 4561 910 4636 qui

114 4679 165 4725 tam
179 4679 261 4725 acute
274 4665 377 4732 vident,
394 4671 420 4718 et
435 4662 473 4717 sie
488 4658 627 4730 praesentia
641 4655 708 4712 locis
722 4656 865 4730 exsultant,
881 4663 910 4715 ut

114 4761 302 4834 gravissimum
322 4753 502 4813 testiinonium
517 4759 609 4809 centra
622 4765 683 4806 cum
697 4749 784 4804 dicere
802 4747 911 4804 videan-

115 4864 166 4909 tur.
179 4849 304 4909 Deinde
297 4867 324 4904 m
338 4847 413 4919 aquis
426 4843 543 4899 natantia
555 4840 632 4898 laeilc
645 4839 694 4896 luit
705 4839 749 4895 hie
759 4839 873 4904 discere,
884 4846 911 4895 et

115 4945 147 5000 ad
161 4944 207 5000 illa
221 4939 368 4997 transferre
381 4937 583 5038 phantasmatum
597 4932 636 4988 sic
648 4940 675 4988 ιι
687 4933 713 4988 in
725 4933 810 4987 ventis
821 4931 912 4986 velan-

22 5087 23 5094 ,
114 5039 165 5100 tia
179 5033 309 5108 queniam
323 5030 404 5099 huius
418 5023 557 5083 crassioris
575 5023 644 5079 aeris
663 5023 792 5096 impulsus
812 5023 839 5078 ln
859 5035 913 5093 que

22 5101 23 5172 ἶ
115 5144 177 5186 ares
197 5125 330 5190 volitant,
350 5119 580 5176 ventusdieitur:
595 5117 698 5188 inigne
716 5115 1007 5187 veroquadruwpc

115 5221 193 5290 pedit
207 5217 281 5275 unde
295 5214 333 5272 illi
350 5213 469 5286 lingere
463 5228 489 5267 tn
504 5219 621 5267 mentera
640 5209 745 5266 venerit
763 5210 864 5266 nescio.
881 5209 915 5266 lit

116 5321 275 5373 tamennon
292 5308 391 5365 frustra
406 5307 457 5360 hec
471 5305 553 5371 dixit,
570 5305 616 5360 sed
637 5319 730 5376 parum
743 5303 873 5371 attendit,
887 5311 915 5360 ιι

117 5405 217 5460 erravit
236 5403 327 5458 nimis.
344 5399 420 5454 llane
441 5397 512 5452 enirn
533 5396 664 5451 rationem
684 5396 769 5460 solent
790 5395 912 5465 reddere,

150 5513 329 5588 ¹tdltivolgo
340 5507 452 5586 ιιιιιιιι
467 5506 573 5561 dieittt
629 5509 672 5560 tvi
674 5507 735 5572 gtud
762 5515 847 5559 uatuer
860 5519 916 5560 ver·

116 5551 571 5653 ῃικιιιμιιιιιιιιιωιιιι
620 5507 906 5637 truttireposmutu

114 5644 267 5708 mergantur
278 5653 313 5691 ex
323 5645 381 5688 ttss

150 5693 535 5762 ’emmeramum

105 211 142 279 ιιι
804 201 908 273 ttuuh
931 207 1032 266 UhdS
1317 227 1321 232 ⁷
1676 211 1749 288 {U

943 321 1014 397 quud
1026 321 1211 398 quadrupedes
1221 323 1317 394 ιιιιιι
1329 323 1394 395 sipt,
1406 325 1454 384 et
1445 343 1474 386 to
1484 328 1655 398 concubitum
1665 308 1747 396 mul-¹

944 421 998 470 tum
1013 415 1142 481 terreant.
1156 416 1210 474 Sed
1223 418 1298 476 nutu
1312 417 1434 476 heethes
1451 418 1581 487 edacitate
1594 435 1642 478 sua
1656 436 1747 496 stupe,

943 516 1004 564 rant
1015 508 1161 580 quremlibet
1173 509 1381 582 quadrupedem,
1396 511 1440 582 qui
1453 521 1527 580 certe
1540 511 1650 586 bipedes
1662 524 1735 585 suut,

944 614 1012 675 quos
1025 616 1080 661 uuo
1092 601 1176 672 ignis,
1191 601 1237 659 sed
1257 602 1323 662 lumi
1341 617 1402 659 esse
1422 603 1492 661 lilios
1504 603 1578 672 dicit.
1590 604 1755 663 llrtseribue'¹

944 708 1010 755 vere
1020 709 1073 751 oon
1084 694 1163 764 troile
1172 695 1315 768 quidquam
1325 695 1432 756 edacius
1442 697 1576 766 iuvenitur
1586 716 1593 754 ι
1605 713 1672 770 quos
1681 699 1739 766 sive

945 785 973 853 ip
987 783 1059 845 sumo
1072 795 1162 859 ponat,
1175 788 1238 858 quia
1250 787 1360 863 bipedes
1371 800 1450 858 surtt;
1465 789 1523 855 eive
1535 791 1563 846 iu
1575 792 1662 864 equis,
1676 793 1738 864 quia

945 887 1039 948 ιιιιιι
1052 888 1159 946 amaon
1183 879 1242 941 sive
1256 881 1283 940 in
1296 882 1398 953 ventis,
1416 883 1477 956 quia
1491 885 1600 954 pennati
1613 893 1693 952 sunt,
1711 891 1741 940 ιι

946 972 1080 1033 interdurn
1095 973 1185 1037 velant
1198 973 1249 1030 :ad
1264 974 1352 1046 ignem
1366 983 1439 1032 certe
1451 974 1598 1047 secuudum
1610 977 1669 1046 ejus
1681 975 1740 1034 dis·

947 1065 1104 1139 tinctionem
1126 1081 1180 1122 eeu
1203 1067 1350 1140 pertinent.
1372 1065 1674 1136 ermeneumata
1706 1067 1741 1124 ad

947 1156 1080 1222 ferverem
1092 1157 1269 1227 concubitus,
1283 1156 1364 1214 erede
1375 1173 1436 1214 eurn
1450 1157 1669 1224 animadvertisse
1681 1157 1743 1214 hin-

947 1250 1053 1309 nientes
1065 1265 1164 1322 eques,
1178 1259 1205 1308 et
1219 1264 1291 1322 saepe
1304 1247 1401 1306 mersis
1414 1247 1498 1320 lreuis
1510 1259 1600 1322 raptos
1618 1250 1645 1311 in
1663 1247 1743 1304 lemi-

948 1357 996 1400 nas
1009 1361 1016 1400 :
1028 1342 1100 1414 qued
1111 1341 1328 1412 animadversum
1341 1340 1405 1397 dum
1417 1340 1676 1409 subdescribere,
1689 1356 1743 1401 nen

948 1435 1062 1493 attendit
1074 1451 1210 1507 passerem
1225 1435 1404 1508 parietinum,
1418 1436 1445 1493 iu
1458 1435 1535 1508 etque
1546 1438 1744 1508 comparatione

947 1529 1035 1602 quivis
1056 1527 1230 1586 admissarius
1253 1526 1440 1600 lrigidissiptus
1463 1528 1609 1587 iuvenitur.
1630 1528 1745 1600 bipedes

948 1637 1013 1678 vere
1027 1623 1055 1678 ιιι
1069 1621 1143 1678 lomo
1155 1636 1217 1679 eum
1230 1621 1316 1681 abeis
1329 1621 1457 1692 quaritur
1477 1635 1560 1694 quare
1572 1619 1745 1686 ordinaverit,

949 1713 1115 1786 respondent
1127 1713 1226 1776 elutum
1239 1719 1267 1768 et
1278 1713 1423 1785 superbum
1437 1727 1497 1768 esse
1508 1709 1634 1782 bipedum
1644 1726 1745 1782 genus:

949 1804 1012 1861 hinc
1023 1805 1095 1861 enirn
1111 1804 1235 1863 homines
1249 1803 1379 1876 originem
1395 1803 1503 1863 trabere
1517 1803 1608 1860 dicunt
1620 1821 1628 1858 ι
1642 1812 1668 1858 ιι
1680 1817 1748 1874 quo-

949 1900 1020 1954 niam
1035 1899 1122 1956 lnmus
1134 1898 1262 1970 globosus
1279 1907 1306 1954 et
1319 1898 1394 1970 quasi
1415 1898 1533 1957 tumidus
1552 1897 1580 1954 in
1597 1913 1677 1953 auras
1692 1895 1747 1952 cri·

949 1991 1029 2062 gitur,
1042 1990 1166 2062 snporhis
1176 2005 1236 2046 esse
1245 1990 1361 2054 sierileut
1374 2005 1428 2055 tuen
1440 1990 1557 2051 absurde
1566 1989 1747 2051 attenderunt.

951 2080 1015 2152 Quae
1028 2081 1225 2138 aeirnadversio
1236 2080 1361 2139 sufficere
1372 2080 1463 2138 debuit
1478 2075 1511 2137 ad
1524 2081 1641 2154 aliquant
1650 2081 1748 2141 simili·

950 2173 1069 2230 tudinem
1083 2173 1199 2230 dandam
1212 2172 1246 2244 dp
1259 2173 1382 2244 superbis
1397 2173 1561 2241 hominihus,
1575 2172 1633 2244 sive
1645 2173 1749 2245 allege-

949 2266 1017 2321 rium
1039 2263 1081 2321 vel
1103 2265 1269 2322 lormandam
1292 2263 1334 2320 vel
1354 2263 1576 2334 intelligendam:
1591 2281 1644 2320 tton
1659 2273 1749 2324 tantm
1794 2303 1798 2308 -

951 2365 980 2414 ut
1002 2356 1063 2414 ideo
1086 2356 1195 2428 bipedes
1217 2356 1366 2416 animantes
1386 2356 1412 2413 io
1429 2354 1503 2413 lurne
1519 2355 1593 2413 etde
1608 2357 1749 2425 domenati

950 2465 1011 2506 esse
1032 2449 1185 2506 credantur.
1200 2447 1268 2506 Natu
1287 2456 1314 2506 et
1333 2449 1359 2507 in
1380 2448 1488 2519 pulvere
1499 2450 1573 2504 nasci
1586 2447 1748 2518 debuerunt,

951 2541 1012 2614 quia
1032 2555 1103 2611 saepe
1121 2555 1174 2620 nott
1190 2541 1294 2595 minore
1308 2540 1410 2598 ambitu
1432 2548 1459 2597 et
1479 2538 1596 2609 elatiepe
1616 2540 1703 2612 surgit
1721 2541 1749 2607 iu

951 2632 1068 2697 cetdum3
1088 2641 1116 2686 et
1134 2631 1161 2686 in
1181 2630 1302 2700 nebulis,
1322 2633 1384 2702 quia
1403 2633 1560 2705 plerumque
1574 2632 1609 2690 de
1624 2642 1694 2702 terra
1713 2632 1750 2690 itt

951 2722 1127 2790 erltalantur,
1144 2732 1173 2778 ut
1186 2720 1265 2793 lenge
1281 2721 1445 2778 intuentibus
1460 2723 1591 2781 incertum
1610 2724 1691 2780 etiam
1708 2721 1749 2778 la·

952 2813 1033 2881 ciant,
1046 2814 1169 2869 lumusne
1179 2829 1213 2868 an
1225 2812 1330 2868 nebule
1340 2813 1402 2870 sint.
1415 2813 1566 2885 Postremo,
1579 2830 1627 2870 cur
1636 2815 1663 2870 itt
1674 2813 1751 2889 aquis

953 2913 979 2960 ct
991 2903 1076 2960 ventis
1089 2903 1123 2959 de
1135 2903 1270 2960 habitandi
1282 2905 1409 2978 patientia
1422 2903 1456 2959 ad
1467 2904 1630 2962 habitatores
1641 2905 1751 2974 ductura

953 3005 995 3052 est
1015 3004 1219 3068 argumentum,
1235 2996 1297 3066 quia
1314 2995 1436 3052 videmus
1450 3005 1478 3052 et
1491 2996 1609 3053 ιιιιιιιιιι
1624 2997 1650 3054 in
1664 2996 1750 3070 aquis,

953 3097 980 3144 et
994 3088 1109 3143 velantia
1123 3089 1150 3142 iu
1164 3087 1251 3143 ventis
1264 3087 1354 3142 vivere
1370 3105 1376 3143 :
1392 3087 1461 3160 ignis
1475 3103 1541 3144 vero
1555 3098 1582 3144 et
1596 3087 1685 3147 luteus
1697 3103 1752 3151 neo

954 3175 1084 3236 deterruit
1097 3181 1233 3236 hominem
1244 3180 1429 3250 mentientem,
1444 3188 1472 3236 ot
1484 3181 1598 3252 puderet
1610 3196 1671 3238 eunt
1684 3179 1752 3238 tales

955 3273 990 3328 ibi
1000 3272 1164 3328 habitatores
1174 3273 1350 3342 cerastituere,
1361 3273 1458 3344 quibus
1469 3273 1535 3328 nihil
1546 3273 1753 3331 constitueretur

954 3363 1116 3422 absurdius?
1128 3365 1196 3421 Nam
1220 3364 1422 3440 quadrupedem
1446 3365 1515 3438 ignis
1535 3366 1654 3422 incendit
1673 3374 1753 3438 atque

955 3458 1114 3528 corrumpit,
1129 3465 1157 3513 et
1170 3457 1279 3528 bipedes
1294 3456 1382 3514 lunius
1397 3457 1494 3514 ollecat
1508 3466 1588 3530 atque
1601 3467 1690 3516 necat.
1704 3458 1753 3515 llel

955 3546 999 3604 hio
1019 3558 1092 3604 certe
1111 3549 1218 3618 cogitur,
1234 3548 1326 3618 lateri,
1347 3562 1377 3604 se
1391 3549 1517 3605 meliores
1530 3550 1620 3606 dicere
1633 3550 1659 3606 in
1672 3558 1754 3620 gente

957 3640 1127 3696 tenebrarum
1140 3641 1204 3695 istas
1216 3637 1299 3696 luisse
1309 3648 1429 3707 tecturas,
1440 3639 1485 3695 ubi
1496 3639 1551 3694 vult
1562 3639 1650 3694 emnia
1661 3639 1754 3710 pejora

956 3733 1039 3790 credi.
1058 3732 1196 3804 Siquidem
1216 3732 1252 3788 ibi
1271 3730 1396 3803 gignebat
1417 3729 1485 3800 ignis
1505 3729 1707 3801 quadrupedem
1726 3739 1755 3792 ιι

957 3823 1102 3888 nutriebat,
1117 3831 1144 3878 et
1156 3822 1310 3879 continebat
1325 3821 1433 3878 innoxie
1445 3821 1488 3877 vel
1500 3822 1580 3877 etiam
1593 3822 1755 3880 commedis-

958 3917 1036 3974 sime.
1054 3916 1184 3973 Sittriliter
1198 3925 1225 3973 ιι
1239 3916 1327 3970 lomus
1342 3914 1451 3988 bipedes
1469 3930 1532 3971 sues
1543 3915 1754 3975 clementissime

959 4011 1019 4068 sinu
1035 4009 1137 4079 editos,
1161 4025 1214 4066 nen
1235 4011 1321 4068 selum
1341 4009 1400 4066 sine
1418 4011 1557 4079 molestia,
1572 4011 1620 4072 sed
1641 4011 1756 4068 vitaliter

958 4113 1038 4180 atque
1052 4105 1219 4176 indulgenter
1232 4120 1318 4176 usque
1336 4105 1364 4161 in
1379 4105 1453 4160 illum
1468 4105 1644 4176 principatum
1655 4105 1756 4162 educa·

959 4201 1055 4256 verat¹
1071 4209 1098 4255 et
1111 4198 1275 4254 continebat.
1288 4197 1326 4252 lta
1341 4196 1519 4254 ostenduntur
1535 4199 1586 4256 ista
1605 4197 1755 4268 mendacia,
1775 4267 1781 4274 ,

960 4292 1193 4350 animadversione
1212 4307 1301 4348 rerum
1321 4307 1381 4363 quae
1394 4291 1518 4349 ridentur
1532 4293 1558 4348 io
1570 4292 1688 4359 nunde,
1708 4292 1758 4354 sed

961 4387 1049 4442 minus
1064 4377 1183 4455 diligenti
1198 4383 1339 4456 utinusque
1353 4384 1446 4440 solerti
1466 4384 1567 4442 ιιιιιιιι
1587 4401 1668 4442 sensu
1689 4401 1756 4443 ceo·

961 4483 1048 4549 cepta,
1061 4484 1087 4531 et
1100 4474 1329 4548 phantasmatibus
1341 4476 1481 4545 parturita,
1497 4484 1524 4531 et
1539 4477 1689 4550 temeritate
1701 4477 1759 4534 edi·

962 4577 989 4626 ta
1003 4578 1083 4642 atque
1096 4569 1248 4641 conscripta
1260 4568 1447 4627 hereticorum
1459 4585 1603 4628 numerum
1614 4572 1731 4630 auxbse.

998 4661 1113 4719 CAPUT
1132 4660 1253 4716 xxxid.
1267 4690 1303 4703 -
1319 4662 1364 4718 36.
1381 4660 1482 4718 Natura
1500 4663 1599 4733 ιιιιιιι,
1619 4673 1648 4720 ut
1666 4672 1760 4732 nuturq

962 4764 1017 4823 est,
1032 4755 1097 4810 beno
1110 4763 1156 4810 ιιι.
1170 4754 1223 4811 Sed
1238 4753 1285 4812 illo
1298 4770 1398 4828 genere
1409 4758 1494 4828 magis
1507 4758 1619 4830 urgendi
1634 4765 1715 4827 suot,
1728 4763 1760 4824 ιιι

964 4846 1127 4920 intulligant,
1142 4846 1165 4901 si
1180 4857 1308 4916 possunt,
1324 4863 1404 4919 quant
1416 4863 1480 4906 vere
1493 4849 1520 4904 in
1531 4848 1669 4909 Catholica
1683 4847 1759 4907 dieu·

964 4949 1019 5010 ιιι,
1032 4941 1150 4996 emnium
1169 4948 1323 4996 naturarum
1343 4957 1405 4998 esse
1422 4953 1559 4999 auctorem
1577 4943 1662 5001 econ
1680 4959 1690 4998 a
1705 4957 1761 5014 quo

964 5033 998 5090 de
1011 5048 1109 5106 genere
1120 5031 1130 5065 ¹
1143 5033 1267 5102 superius
1280 5035 1402 5106 agebam,
1418 5051 1478 5092 cum
1491 5035 1618 5101 dicerem,
1632 5033 1761 5108 vitupero

966 5133 1054 5184 tecum
1077 5132 1199 5195 pestem,
1222 5124 1387 5196 eaecitatem,
1408 5126 1593 5184 coenositatem
1616 5125 1760 5197 turbidam,

968 5215 1122 5272 horribilem
1137 5215 1349 5287 vehementiam,
1364 5216 1623 5291 corruptibilitatem,
1638 5213 1763 5285 immani·

968 5316 1050 5365 tatem
1062 5307 1224 5379 principum,
1238 5318 1265 5364 et
1277 5307 1426 5364 dissimilia
1438 5325 1445 5360 :
1456 5306 1534 5363 lauda
1545 5316 1573 5364 tu
1584 5325 1689 5369 meeum
1702 5327 1765 5382 spe·

967 5399 1047 5466 ciem,
1059 5398 1268 5466 distinctionem,
1277 5398 1482 5467 ordinationem,
1497 5401 1766 5478 pacem,ueitatem⁸

999 5511 1128 5566 ιιιιιιιι.
1140 5510 1769 5584 ιιιιιιιοιοιιιιιιιιωιιιιριιιιριιηιιη,

968 5571 1282 5695 ἰιιιιοωιιιιη
1293 5647 1458 5712 queem:
1475 5640 1619 5695 orntnode.
1765 5642 1768 5648 '

1003 5671 1558 5764 'immetatichouhb'ontu
